1844 3211
420 255 460 312 2
829 270 1166 308 MAECENAT
1170 271 1333 308 IANA.

421 391 449 416 a
480 375 635 428 Ryzo,·
665 392 862 419 sermone
895 380 1132 420 Castiliano
1166 380 1221 430 (a.
1247 381 1371 423 1626.
1404 376 1469 429 8.)
1499 386 1628 428 quam
1661 372 1753 424 qui-

424 446 523 486 dem
555 448 605 485 ad
640 449 804 490 fabulas
836 451 953 490 abiie
985 452 1274 503 pronuntiavit
1300 448 1565 488 Meibomius
1595 445 1642 483 in
1666 442 1752 482 Vit-

424 517 562 557 Maec.
594 519 775 560 Pi'aefat.
807 523 920 574 p.11.
952 523 1004 562 cf.
1038 521 1250 560 Camusat.
1283 520 1337 559 ad
1371 518 1568 558 Ciaccon.
1589 512 1751 553 Biblio-

419 589 483 630 th.
524 603 563 642 p.
594 595 690 635 938.
733 601 776 631 et
821 593 1024 645 Souchay
1067 592 1096 631 l.
1140 591 1253 630 infra
1283 590 1313 629 l.
1345 610 1399 618 —
1472 586 1648 625 Secutus
1689 590 1753 622 est

419 659 516 700 Ioh.
546 660 686 701 Henr.
720 662 1008 710 Memmius,
1061 664 1182 701 cuius
1216 660 1328 712 liber
1366 659 1478 699 hanc
1506 651 1749 706 inscriptio*-

420 740 523 766 nem
556 742 659 780 prae
689 744 734 769 se
763 732 875 778 fert:
906 732 1179 782 „Meibornii
1209 727 1464 776 Maecenas,
1496 729 1584 767 sive
1615 725 1668 763 de
1688 723 1749 786 ΠΟ.

381 848 384 850 ¹
421 796 556 837 Cilnii
581 798 843 841 Maecenatis
875 804 983 850 vita,
1025 802 1220 841 moribus
1254 810 1295 840 et
1323 799 1450 838 rebus
1482 798 1609 850 gestis
1638 791 1752 856 lihet

416 867 665 922 singularis.
722 872 912 911 Accessit
943 872 989 911 C.
1014 872 1195 911 Pedonis
1216 855 1478 909 Albinovani
1507 860 1750 905 Maecenati

419 941 626 992 scriptum
658 941 925 994 Epimachum,
957 944 1070 982 notis
1100 943 1379 982 illustratum.
1439 936 1572 990 Lugd.
1605 935 1749 974 Batav.

417 1023 483 1062 ap.
517 1012 572 1049 10.
605 1020 649 1050 et
680 1013 790 1052 Dan.
821 1013 1038 1061 Elsevier,
1091 1016 1212 1057 1653.
1242 1013 1282 1054 4·
1318 1010 1464 1048 min-‘⁴
1541 1005 1628 1056 QUi
1659 1005 1748 1057 qni·

421 1080 524 1119 dem
555 1081 669 1120 liber
703 1092 875 1134 praeter
904 1085 1148 1136 fragmenta
1179 1067 1328 1121 multa⁴
1349 1079 1497 1118 omnia
1526 1076 1616 1114 fere
1647 1087 1747 1113 con-

414 1152 547 1197 tinet,
600 1164 707 1202 quae
737 1153 787 1190 ad
818 1153 1116 1190 Maecenatem·
1147 1159 1364 1202 spectant,
1416 1149 1486 1187 sed
1516 1158 1658 1186 sermo
1687 1153 1750 1184 est

413 1219 545 1259 nimis
578 1220 756 1259 diffusus
788 1230 830 1260 et
857 1221 1075 1270 scribendi
1106 1209 1278 1273 genus.
1318 1218 1428 1272 quod
1460 1218 1587 1257 hodie
1616 1217 1748 1256 mini-

412 1302 484 1330 me
513 1289 679 1342 placet3
710 1301 932 1343 praeterea
961 1290 1060 1329 ordo
1091 1302 1238 1329 rerum
1271 1296 1568 1328 enarratarum
1599 1298 1748 1338 perpe-

410 1357 505 1397 ram
545 1360 770 1399 institutus
814 1344 856 1399 et
898 1362 1107 1413 patientia
1145 1373 1313 1411 prorsus
1351 1358 1490 1398 multa
1531 1369 1635 1409 opus
1666 1363 1744 1404 est,

410 1437 458 1467 ut
488 1429 651 1469 librum
681 1438 823 1470 totum
855 1430 1057 1483 perlegas.
1114 1429 1166 1467 cf.
1196 1428 1416 1479 Souchay.
1449 1447 1505 1454 —
1562 1426 1747 1465 Exstant

410 1500 542 1539 etiam
567 1500 710 1541 Henr.
733 1516 760 1541 α
784 1500 936 1541 Seelen
968 1500 1022 1539 ad
1046 1498 1277 1539 Meibomii
1299 1497 1601 1538 Maecenatem
1629 1496 1745 1534 Ana-

409 1568 543 1622 lecta,
590 1583 727 1622 quae,
773 1583 873 1609 cum
904 1571 951 1608 in
982 1581 1137 1607 manus
1169 1581 1283 1608 meas
1314 1581 1403 1607 non
1436 1574 1743 1620 pervenerunt,

410 1640 531 1677 cuius
573 1641 789 1679 momenti
830 1641 945 1686 sint,
1000 1640 1167 1691 ignom.
1199 1658 1254 1665 —
1320 1638 1419 1677 Post
1449 1638 1743 1677 Meibomium

406 1714 494 1747 tres
534 1708 635 1748 Itali
678 1699 880 1760 deinceps
920 1707 1185 1746 Maecenatis
1227 1699 1329 1745 x’ritas
1380 1709 1739 1760 conscripserunt.

407 1776 571 1819 Cesare
611 1777 845 1831 Caporali,
899 1778 1051 1822 Rime‚
1112 1791 1240 1831 φνεν-ο
1288 1778 1382 1816 vita
1431 1779 1477 1816 di
1511 1776 1741 1817 Mecenate

403 1861 483 1887 con
512 1848 833 1888 l'osservationi
862 1847 909 1885 di
938 1844 1073 1886 Carlo
1100 1843 1323 1896 Caporali.
1390 1843 1570 1884 Venetia
1595 1857 1739 1896 presso

401 1913 617 1957 Zaccaria
649 1915 869 1958 Conzalti.
905 1920 1027 1961 1673.
1060 1919 1125 1959 12.
1196 1914 1304 1955 Tota
1334 1914 1438 1955 haec
1468 1917 1549 1955 vita
1579 1915 1738 1957 ludicra

402 1994 464 2025 est
504 1987 631 2026 rebus
661 1989 765 2040 ipsis
806 2000 855 2025 ac
887 1984 1105 2024 scribendi
1146 1997 1317 2037 genere.
1402 1984 1617 2026 Camusat.
1650 1987 1678 2026 l.
1709 1988 1735 2027 l.

399 2069 440 2108 p.
473 2061 557 2102 939
591 2072 650 2111 sq.
711 2058 933 2109 Souchay.
966 2077 1021 2083 -
1061 2053 1184 2096 Giac.
1215 2053 1370 2095 Maria
1401 2053 1568 2111 Cemfi,
1601 2055 1737 2098 Delia

396 2127 493 2166 vita
532 2129 579 2166 di
617 2126 738 2181 Gajo
770 2125 916 2167 Cilnio
956 2124 1186 2164 Mecenate
1226 2124 1331 2163 libri
1365 2123 1432 2164 II.
1478 2122 1617 2164 Roma
1654 2141 1735 2178 per

396 2194 557 2237 Franc.
587 2200 651 2237 de'
667 2195 850 2243 Lazari,
884 2198 1005 2238 1684.
1029 2198 1068 2238 8.
1128 2192 1263 2231 Totus
1294 2193 1385 2231 fere
1414 2193 1572 2244 pendet
1596 2192 1736 2235 Cenni

396 2277 450 2304 ex
481 2265 736 2305 Meibomio.
766 2288 822 2296 —-
864 2265 1109 2306 Francesco
1140 2262 1269 2308 Diui,
1301 2261 1426 2304 Dell’
1454 2266 1632 2318 origine,
1658 2266 1733 2321 fa-

394 2335 570 2387 miglia,
601 2337 756 2387 patria
786 2336 840 2375 ed
871 2334 1044 2375 azzioni
1074 2333 1122 2373 di
1146 2330 1251 2386 Cajo
1282 2331 1532 2381 Mecenate,
1570 2325 1732 2378 disser-

391 2406 559 2444 tatione
586 2406 773 2449 norica,
823 2418 900 2443 con
931 2405 974 2442 la
1005 2401 1152 2456 difesa
1191 2401 1239 2439 di
1268 2400 1375 2441 Mec.
1404 2403 1466 2443 da
1493 2405 1620 2445 varie
1645 2393 1730 2445 'im-

386 2485 568 2525 posture
606 2476 654 2515 di
683 2474 860 2516 Seneca.
943 2472 1132 2514 Venezia
1160 2484 1241 2523 per
1270 2469 1508 2513 Domenico
1538 2469 1727 2526 Lovisa3

387 2547 513 2589 1704.
540 2548 578 2588 8.
600 2546 700 2583 mai.
760 2545 902 2584 Habet
937 2542 1050 2584 Dim·
1080 2539 1303 2597 nonnulla,
1335 2553 1442 2592 quae
1471 2542 1605 2593 ipsius
1632 2558 1727 2598 pro.

386 2615 480 2666 pria
514 2622 627 2653 sunt.
660 2635 713 2641 —
767 2614 992 2653 Nonnulla
1026 2613 1081 2652 de
1111 2610 1367 2650 Maecenate
1397 2610 1583 2659 tradidit,
1616 2615 1726 2657 Mei-

381 2682 581 2724 bomium
614 2684 807 2724 maxime
842 2691 1043 2730 secutus,
1083 2677 1291 2731 Souchay
1333 2680 1402 2719 in:
1457 2679 1725 2727 Becherches

337 2797 342 2799 ἢ
377 2766 457 2792 sur
487 2753 707 2793 Mece'nas.
740 2753 807 2804 (V.
839 2751 1046 2794 Me'moir.
1076 2752 1129 2791 de
1158 2747 1381 2818 Littesa,
1406 2749 1457 2790 T.
1490 2757 1545 2797 13
1587 2769 1629 2808 p.
1665 2761 1718 2804 81
1779 2801 1781 2804 ι
