1844 3211
458 270 962 310 MAECENATIANA'z
1294 256 1379 314 27
1429 312 1434 316 ,

57 381 338 438 negligentia.
409 380 648 435 (Meiners,
692 380 948 423 Geschichte
974 382 1052 422 des
1081 377 1267 436 ‘Ver-falls
1296 379 1378 427 dar

57 454 203 497 Sitten
245 452 291 491 in
321 449 432 492 Rom
462 463 503 501 p.
535 452 627 494 148.
657 453 743 495 299
774 464 830 503 sq.
888 449 1143 491 Black-well.
1172 450 1221 487 V.
1250 453 1291 493 3.
1334 461 1376 499 p.

56 524 140 566 457
162 520 247 574 sq.)
305 519 516 572 Aequales
546 533 715 572 quoque
744 507 955 574 poeticam
983 519 1237 560 facultatem
1256 518 1375 557 Mae-

59 592 220 629 cenatis
257 603 407 643 parum
446 592 568 643 pensi
605 590 805 630 habuisse
845 591 910 630 vel
936 592 1038 631 inde
1069 599 1213 644 patet,
1263 588 1378 641 quod

56 659 148 698 fere
178 661 230 698 de
251 654 307 698 *ea
337 660 561 699 siluerunt.
640 660 764 710 Quod
794 660 971 699 fortasse
1001 670 1172 714 propter
1203 659 1377 699 modes·

55 717 162 769 t'iam
192 729 405 777 hominis,
439 731 523 769 sive
551 738 784 769 ceterarum
818 729 1000 769 laudum
1028 732 1148 782 copia
1177 730 1377 769 et'uber-

56 808 145 840 tate
174 801 382 840 fecerunt.
462 800 710 850 Propertius
739 806 890 836 tamen
920 811 1070 849 puram
1112 787 1255 847 laudat
1285 813 1378 839 ora-

56 870 245 920 tionem3
286 879 328 909 et
354 871 487 922 ipsius
518 868 721 912 Senecae,
755 874 803 905 ut
832 866 969 906 verbis
1000 878 1096 907 utar
1126 870 1297 917 Wulffi,
1328 871 1375 919 (Ι.

58 953 184 993 supra
213 941 273 993 1.)
312 949 404 979 tam
435 937 679 977 honorifica·
704 945 805 975 sunt
835 937 887 976 de
917 936 1172 978 Maecenate
1200 939 1377 987 iudicia,

58 1020 108 1051 ut
144 1011 297 1051 iisdem
338 1009 472 1059 quivis
511 1008 617 1047 alius
657 1007 830 1055 eorum,
881 1008 957 1059 qui
995 1006 1121 1048 hodie
1158 1010 1252 1049 noti
1280 1017 1381 1049 sunt

59 1081 231 1133 poetae,
278 1078 332 1118 ad
361 1077 535 1116 laudem
569 1084 796 1115 contentus
827 1089 915 1115 esse
945 1076 1142 1125 deberet3
1201 1078 1380 1118 Ovidius

61 1164 95 1190 v.
117 1164 151 1189 c.
182 1158 256 1188 aut
283 1149 490 1189 Lucanus.
512 1147 664 1198 (Locos
686 1159 719 1184 v.
742 1140 877 1194 infra)
936 1146 1048 1185 Vitia
1079 1147 1255 1199 quidem
1288 1148 1379 1188 eius

59 1234 149 1261 non
194 1220 434 1260 dissimulat
462 1218 579 1257 idem
612 1215 800 1259 Seneca,
850 1216 966 1253 inter
1005 1217 1167 1268 primos
1197 1216 1380 1256 Latinae

61 1292 265 1330 orationis
298 1296 560 1339 corruptores
589 1296 820 1323 numerans
853 1296 976 1332 eum,
1027 1285 1101 1322 sed
1132 1286 1261 1324 simul
1291 1288 1381 1326 exi-

60 1362 194 1400 miam
237 1359 452 1409 scriptoris
481 1354 675 1395 indolem
716 1351 903 1399 extollit,
952 1364 1002 1391 ac
1040 1352 1196 1394 diserte
1235 1355 1378 1395 eidem

61 1443 291 1485 magnum,
321 1427 513 1481 grande,
542 1423 671 1463 virile
698 1421 922 1475 ingenium
949 1422 1116 1464 tribuit.

245 1623 621 1683 Maecenatis
661 1641 820 1699 quae
859 1633 1205 1701 supersunt.

547 1761 585 1807 Ι.
656 1758 897 1805 Carmina.

116 1870 378 1923 Fragmenta
407 1878 516 1920 quae
542 1865 682 1918 primo
712 1863 804 1902 loco
832 1864 1006 1915 apposui
1029 1865 1295 1905 carminibus
1313 1863 1385 1904 ad·

65 1940 289 1982 numerari
327 1950 447 1990 posse
487 1935 625 1975 credo.
683 1933 928 1973 Laudamur
954 1936 1152 1975 carmina
1181 1938 1386 1989 expressis

66 2009 199 2049 verbis
228 2022 252 2048 a
284 2008 425 2046 Servio
456 2015 497 2044 et
529 2007 641 2045 liber
669 2006 861 2044 decimus
889 2018 912 2043 a
946 2004 1155 2044 Charisio.

179 2078 362 2122 Servius
392 2076 649 2119 Honoratus
676 2074 730 2113 ad
759 2074 934 2128 Virgilii
964 2074 1201 2129 Georgica,
1237 2076 1312 2117 lib.
1333 2075 1388 2116 II.

0 2172 1 2176 =
64 2162 99 2192 v.
135 2151 205 2196 42·

124 2217 346 2268 „Constat
370 2215 668 2259 Maecenatem
698 2214 826 2253 fuisse
858 2214 1081 2255 literarum
1113 2219 1316 2269 peritum,
1348 2224 1391 2257 et

68 2287 190 2344 plura
220 2289 505 2338 composuisse
540 2286 738 2323 carmina.
797 2284 911 2322 Nam
944 2288 1390 2341 etiam-AugustiCae-

69 2358 171 2400 saris
204 2367 318 2411 gesta
348 2357 592 2409 descripsit,
625 2354 735 2410 quod
766 2362 945 2394 testatur
974 2355 1179 2399 Horatius
1222 2358 1391 2409 (Carm.

69 2431 111 2476 2,
144 2431 209 2473 12,
239 2430 265 2471 9
287 2426 390 2477 sqq.)
421 2427 589 2466 dicens:
639 2423 788 2476 Tuque
815 2426 1086 2475 pedestribus
1115 2431 1231 2470 dices
1261 2432 1393 2470 hisco-

70 2500 150 2541 riis
179 2498 346 2554 proelia
376 2495 604 2542 Caesaris,
652 2492 911 2541 Maecenas,
958 2498 1135 2550 melius,
1176 2503 1394 2555 ductaque

72 2583 150 2628 per
177 2571 273 2611 vias
302 2567 471 2622 Regum
501 2568 612 2610 colla
642 2565 919 2604 minantium.

714 2684 750 2723 1.

186 2762 415 2808 Charisius
444 2763 650 2806 Institutt.
680 2762 934 2805 Grammatt.
966 2764 1043 2806 lib.
1077 2769 1116 2810 1.
