1844 3211
463 272 545 330 38
865 282 1383 324 ΜΑΕΟΕΝΑΤΙΑΝΑ.

463 394 591 448 ligeri
623 394 828 435 Catalect.
862 409 900 448 p.
930 399 1015 440 223
1047 408 1105 447 sq.
1164 393 1291 458 Roth.
1324 390 1602 432 Scenspotzt.
1631 389 1724 429 Lat.
1754 388 1805 427 V.

465 466 506 506 5.
544 462 643 508 P.1.
677 478 716 518 p.
738 469 832 510 273.
866 466 940 519 qui
971 465 1102 518 legit:
1133 460 1254 505 Ades
1287 464 1391 518 inq„
1423 476 1446 504 ο
1479 458 1665 514 Cybelle
1686 488 1697 501 .
1725 487 1736 499 .
1758 485 1770 499 .
1793 482 1804 496 .

464 528 586 575 Ades
618 545 663 577 et
695 546 878 577 sonante
907 527 1075 589 typano
1104 542 1184 573 etc.
1794 556 1799 560 -

901 737 958 782 II.
1040 735 1368 801 Tragoediae.

519 851 590 893 An
621 853 718 893 iure
758 853 946 907 quodam
987 853 1041 894 de
1071 852 1338 894 Maecenatis
1370 847 1626 906 Tragoediis
1663 861 1806 893 sermo

465 937 557 965 esse
588 927 747 977 possit,
796 925 992 965 dubitare
1024 926 1140 965 licet.
1201 925 1354 977 Lange
1384 926 1432 963 in
1464 923 1671 963 vindiciis
1700 923 1806 963 Tra-

464 993 646 1047 goediae
677 994 904 1034 Romanae
947 1009 987 1048 p.
1020 999 1113 1039 11.:
1174 1023 1199 1046 ,.
1216 994 1342 1045 Quod
1373 993 1604 1033 Maecenas
1634 994 1806 1047 tragici·

463 1073 717 1104 accensetur
757 1063 815 1116 (v.
851 1079 885 1104 c.
915 1078 938 1104 a
968 1065 1167 1104 Passovio
1197 1063 1469 1118 Grundziige
1498 1065 1580 1104 der
1603 1061 1684 1104 Gr.
1716 1064 1808 1104 und

462 1133 589 1177 Rb'm.
622 1132 905 1187 Literaturg.
935 1148 978 1186 p.
1009 1134 1132 1186 79.),
1171 1141 1425 1184 acceptum,
1466 1133 1644 1183 opinor,
1675 1134 1808 1179 refert

462 1205 642 1245 nonnisi
663 1205 1021 1256 inscriptionibus
1044 1203 1294 1244 libellorum
1326 1216 1350 1241 a
1373 1215 1417 1240 se
1436 1202 1666 1250 editorum,
1700 1209 1807 1256 q'uo-

462 1287 560 1314 rum
593 1274 702 1313 alter
732 1273 1042 1320 Prometheus,
1088 1274 1198 1313 alter
1228 1273 1419 1311 Octavia.
1476 1272 1641 1312 Verum
1672 1287 1807 1326 quum

464 1342 626 1383 Seneca
664 1343 978 1383 Prometheum
1009 1343 1174 1385 librum
1205 1342 1424 1395 appellet,
1468 1355 1558 1382 non
1574 1342 1805 1399 fabulam,

463 1413 581 1465 apud
622 1413 896 1454 Priscianum
928 1421 1079 1453 autem
1124 1413 1190 1452 vel
1220 1413 1349 1453 lectio
1390 1415 1558 1453 incerta
1589 1415 1670 1459 sit,
1726 1411 1805 1463 (cf.

462 1483 610 1523 Krehl.
642 1484 695 1523 ad
719 1484 747 1523 1.
778 1484 806 1523 1.
837 1485 911 1538 qui
938 1483 1086 1523 indice
1117 1483 1195 1522 sub
1227 1497 1260 1521 v.
1292 1479 1446 1524 Maec:
1486 1483 1533 1522 in
1563 1492 1714 1523 octavo
1744 1481 1806 1521 le·
1843 1521 1844 1527 ,

463 1553 660 1607 gendum
693 1553 839 1608 putat)
869 1567 1006 1607 quum
1034 1553 1329 1606 fragmentum
1366 1567 1420 1593 ex
1448 1552 1532 1592 hoc
1559 1553 1652 1605 ipso
1686 1551 1801 1593 libro
1843 1541 1844 1544 Ἴ

465 1623 719 1676 decerptum
749 1623 1005 1677 galliambos
1036 1625 1171 1677 magis
1203 1636 1330 1677 quam
1357 1622 1624 1675 tragoediam
1652 1624 1801 1676 spiret,

463 1692 772 1733 Maecenatem
811 1694 1016 1746 ingeni0,
1075 1693 1270 1740 moribus
1301 1707 1351 1733 ac
1390 1694 1489 1734 stilo
1520 1693 1650 1746 plane
1680 1707 1803 1735 ener-

463 1775 560 1802 vem
592 1775 645 1801 ex
686 1764 954 1816 tragicorum
984 1763 1118 1804 choro
1150 1763 1475 1804 excludendum
1506 1775 1598 1803 esse
1635 1765 1705 1805 vix
1732 1765 1805 1806 ad·

462 1828 552 1872 huc
585 1831 910 1882 dubitabitur.“

1111 1952 1152 1994 6.

517 2027 774 2073 Priscianus
803 2032 881 2075 lib.
913 2036 980 2078 10.
1012 2046 1046 2075 c.
1079 2037 1120 2079 8.
1153 2033 1206 2077 Τ.
1237 2038 1274 2079 1.
1304 2048 1344 2089 p.
1376 2038 1473 2080 505.
1507 2034 1578 2076 ed.
1609 2033 1756 2076 Krehl.

518 2111 675 2165 Pecto,
709 2117 831 2155 cuius
861 2117 1143 2167 praeteritum
1174 2117 1368 2170 plerique
1396 2119 1545 2169 ρειαί,
1575 2118 1714 2169 Asper
1742 2125 1804 2158 ta-

460 2196 565 2225 men
594 2186 772 2237 pectivi,
820 2185 1039 2229 Charisius
1067 2189 1175 2241 pexi
1204 2187 1489 2243 protulerunt.
1561 2186 1804 2230 Maecenas

459 2255 510 2296 in
542 2253 745 2296 Octavia:

517 2333 693 2378 Pexisti
732 2339 944 2390 capillum
979 2348 1176 2382 naturae
1206 2341 1463 2383 muneribus
1487 2352 1686 2397 gratum.

460 2420 695 2461 Scriverius
725 2421 771 2459 in
805 2421 970 2463 conect.
1031 2423 1140 2464 Vett.
1176 2423 1374 2480 TragicC.
1406 2428 1489 2480 (ap.
1522 2427 1646 2470 Both.
1679 2427 1800 2469 Scen.

459 2491 579 2532 Poe‘t.
609 2490 703 2531 Lat.
738 2491 789 2530 V.
822 2497 859 2536 5.
892 2493 939 2534 Ρ.
972 2497 1008 2537 1.
1039 2508 1080 2548 p.
1112 2495 1256 2546 2600:
1286 2497 1522 2544 „Dubitari
1555 2508 1715 2551 potest,
1744 2512 1802 2540 an

461 2561 651 2604 Octavia
683 2575 844 2602 nomen
872 2562 1141 2615 Tragoediae
1171 2567 1238 2606 sit.
1298 2567 1411 2607 Sane
1440 2581 1582 2608 versus
1613 2569 1688 2611 hic
1716 2580 1801 2611 tra-

458 2632 581 2686 gicus
612 2645 701 2672 non
733 2640 809 2671 est.
887 2632 970 2673 Sed
1003 2633 1056 2674 de
1087 2632 1344 2678 Prometheo
1375 2639 1493 2688 eius,
1531 2643 1800 2695 tragoediam

457 2703 627 2743 inclino
653 2703 799 2743 fuisse.
851 2703 972 2754 Quae
1005 2707 1180 2746 maioris
1208 2707 1431 2760 indaginis
1462 2719 1562 2751 sunt
1592 2720 1636 2751 et
1657 2726 1800 2761 curae,

459 2785 591 2826 quam
629 2781 679 2813 ut
718 2772 793 2813 hic
838 2775 985 2814 excuti
1014 2777 1190 2828 possint.
1206 2778 1235 2798 ‘⁶
1314 2778 1465 2820 Delrio
1504 2773 1739 2836 ap.‘Both.
1768 2784 1799 2827 1.
