1844 3211
448 270 526 339 18
860 283 1366 328 MAECENATIANA.

447 395 559 445 liciis
604 406 856 447 provocant.
963 394 1129 450 (Epist.
1170 395 1311 447 120.).
1382 396 1440 437 Et
1463 412 1488 437 :-
1525 397 1778 441 Feliciorem

447 460 662 517 (Regulo)
701 478 804 518 ergo
839 474 891 505 tu
924 463 1223 507 Maecenatem
1249 476 1406 519 putas,
1454 469 1528 508 cui
1555 469 1780 512 amoribus,
1833 505 1835 508 .

445 535 594 581 anxio,
623 545 666 575 et
695 548 888 575 morosae
911 538 1065 575 uxoris
1094 537 1350 588 quotidiana
1369 538 1555 591 repudia
1580 537 1780 592 deflenti,

444 617 622 652 somnus
657 618 733 654 per
777 606 1140 657 symphoniarum
1182 615 1387 652 cantum,
1441 621 1498 648 ex
1538 607 1782 659 longinguo
1835 600 1836 603 ¹

447 677 546 717 lene
576 676 874 715 resonantium
891 703 905 722 ‚
949 677 1220 727 quaeritur?
1268 674 1395 724 Mero
1423 689 1469 716 se
1496 678 1596 717 licet
1625 676 1782 729 sopiat,-

444 756 487 786 et
514 759 732 797 aquarum
746 744 1016 799 fragoribus
1045 755 1220 792 avocet,
1257 755 1301 785 et
1329 746 1449 786 mille
1477 745 1778 797 voluptatibus

446 822 631 862 mentem
683 815 868 853 anxiam
902 814 1077 868 fallat:
1136 824 1229 855 tam
1276 815 1481 867 vigilabit
1523 816 1570 854 in
1609 817 1782 866 pluma,⁴

445 898 578 936 quam
608 885 683 924 ille
727 886 773 923 in
802 880 940 924 cruce.
1015 883 1106 923 Sed
1133 885 1202 923 illi
1228 885 1433 923 solatium
1462 893 1548 930 est,
1595 897 1679 935 pro
1705 885 1779 923 ho-

1779 929 1784 937 ι

442 962 565 993 nesto
593 955 713 992 dura
749 954 967 999 tolerare,
1014 962 1056 992 et
1094 954 1152 993 ad
1180 966 1358 993 causam
1400 967 1427 992 a
1455 952 1672 1003 patientia
1711 964 1785 1004 re·¹

1839 1668 1844 1722 ἰ

1839 1730 1844 1811 ἒ

446 1022 597 1073 spicit:
634 1023 750 1061 hunc
778 1023 1077 1075 voluptatibus
1109 1024 1369 1071 marcidum,
1400 1032 1443 1062 et
1457 1022 1684 1078 felicitate
1712 1022 1778 1061 ni-

446 1092 536 1130 mia
564 1091 854 1139 laborantem,
886 1093 1035 1145 magis
1054 1092 1123 1131 his
1152 1105 1262 1144 quae
1288 1092 1462 1143 patitur
1500 1102 1639 1132 vexat
1676 1104 1779 1130 cau·

444 1172 494 1200 sa
521 1161 736 1213 patiendi.
816 1161 916 1201 Non
947 1174 1082 1212 usque
1114 1174 1161 1200 eo
1189 1162 1235 1199 in
1266 1163 1575 1212 possessionem
1604 1160 1778 1215 generis

445 1231 631 1270 humani
657 1232 770 1270 vitia
803 1238 1046 1278 venerunt,
1079 1238 1128 1268 ut
1157 1229 1338 1268 dubium
1366 1230 1443 1274 sit,
1482 1242 1542 1268 an
1573 1223 1779 1268 electione

431 1299 533 1354 fati
576 1302 709 1346 data,
758 1302 910 1351 plures
940 1298 1101 1350 Reguli
1136 1300 1282 1347 nasci,
1324 1297 1777 1361 quam-Maecenates

442 1370 591 1410 velint.
651 1366 748 1410 Aut
770 1368 816 1408 *si
844 1370 941 1421 quis
960 1367 1137 1420 fuerit,
1170 1368 1248 1420 qui
1275 1369 1438 1407 audeat
1466 1367 1622 1413 dicere,
1654 1364 1776 1406 Mae-

441 1450 638 1481 cenatem
680 1453 727 1480 se
766 1453 899 1492 quam
939 1435 1161 1489 Regulum
1209 1438 1331 1475 nasci
1369 1437 1603 1475 maluisse:
1663 1437 1775 1476 idem

441 1509 547 1555 iste,
590 1517 732 1549 taceat
761 1509 885 1553 licet,
925 1507 1049 1545 nasci
1078 1518 1120 1543 se
1155 1496 1405 1544 Terentiam
1436 1506 1607 1545 maluit.
1650 1492 1652 1494 ¹
1684 1504 1774 1556 (De

440 1578 607 1617 Provid.
638 1592 669 1617 c.
695 1582 736 1621 3.
767 1578 886 1617 Alios
908 1576 1023 1614 locos
1054 1589 1087 1613 v.
1108 1575 1229 1625 infr.)
1266 1575 1482 1626 Supinum
1496 1577 1536 1626 *)
1570 1577 1676 1617 dicit
1705 1577 1774 1618 Iu-

440 1648 627 1694 venalis,
673 1654 717 1685 et
746 1656 960 1686 tenerum.
1021 1645 1195 1695 (Iuven.
1229 1644 1314 1683 Sat.
1350 1645 1416 1690 12,
1447 1648 1515 1688 39.
1592 1644 1771 1693 Vestem,

438 1713 723 1768 Purpuream
745 1717 907 1755 teneris
928 1728 1096 1766 quoque
1115 1713 1445 1761 Maecenatibus
1468 1723 1626 1766 aptam.
1658 1717 1769 1756 Add.

437 1782 625 1824 Martial.
658 1783 802 1837 Epigr.
836 1788 902 1830 10,
934 1786 1028 1826 73.:
1076 1780 1241 1835 Togae,
1284 1781 1384 1837 Qua
1414 1797 1497 1822 non
1527 1782 1772 1835 Fabricius,

435 1855 513 1894 sed
541 1856 674 1894 vellet
703 1851 887 1905 Apicius
918 1854 1008 1899 uti,
1068 1851 1206 1892 Vellet
1235 1852 1492 1901 Maecenas,
1540 1853 1768 1896 Caesaria-

434 1935 518 1962 nus
547 1922 708 1974 eques.)
767 1922 883 1961 Hinc
915 1921 1209 1960 ebriositatem
1241 1922 1281 1960 ei
1312 1922 1587 1974 opprobrant.
1629 1924 1770 1977 Atque

433 1994 547 2045 apud
579 1992 835 2031 Petronium
868 1989 927 2040 (c.
960 1991 1055 2042 81.)
1117 1990 1414 2040 Trimalchio,
1466 1992 1598 2031 homo
1630 1994 1770 2035 ebrio-

433 2073 523 2108 sus,
566 2058 954 2101 Maecenatianum
984 2072 1027 2097 se
1056 2067 1280 2111 nuncupat
1312 2060 1398 2113 **).
1475 2061 1677 2103 Horatius
1709 2073 1768 2105 et-

430 2134 522 2173 iam
565 2146 665 2171 eum
707 2132 872 2183 optima
916 2132 1012 2169 vina
1053 2132 1101 2169 in
1149 2130 1314 2181 deliciis
1354 2131 1557 2172 habuisse
1605 2134 1765 2178 innuit.

431 2201 603 2252 (Horat.
647 2201 789 2241 Carm.
828 2204 876 2247 1,
906 2204 975 2245 20.
1031 2199 1375 2254 Gundlingiana,
1434 2214 1463 2242 s,
1504 2200 1768 2263 Sammlung

428 2273 661 2312 deutscher
702 2270 922 2324 Schriften
962 2270 1029 2308 ed.
1062 2269 1231 2309 Stollen
1276 2285 1315 2324 p.
1346 2275 1432 2316 489
1461 2286 1549 2326 sqq.
1591 2274 1667 2316 ubi
1705 2275 1766 2316 le-

456 2406 505 2459 *)
547 2408 693 2445 iuven.
726 2404 809 2443 Sat.
843 2409 881 2448 1,
904 2406 970 2448 66.
1020 2402 1209 2442 Mollem
1240 2412 1283 2443 et
1313 2404 1563 2458 delicatum,
1594 2424 1625 2450 ο.
1657 2413 1763 2453 otio-

541 2476 636 2502 sum
681 2460 924 2513 explicant3
978 2475 1013 2499 v.
1047 2460 1193 2499 Burm.
1224 2461 1277 2499 ad
1308 2462 1489 2514 Quintil.
1522 2470 1588 2511 10,
1621 2470 1662 2512 2,
1695 2473 1762 2514 17,

538 2516 665 2560 Alii:'
698 2518 871 2558 tardum
903 2527 946 2559 et
974 2516 1299 2571 negligentem,
1330 2518 1406 2574 q'ui
1435 2535 1608 2563 securus
1641 2528 1762 2579 quasi

538 2586 662 2629 tergo
694 2577 817 2614 iacet.
894 2628 897 2630 ‚

422 2646 495 2701 **)
540 2648 588 2687 V.
620 2656 765 2686 tamen
806 2645 944 2697 intpp.
974 2644 1149 2684 Petron.
1191 2658 1231 2697 p.
1259 2648 1363 2691 463.
1410 2646 1475 2686 ed.
1507 2646 1654 2690 Burm.
1684 2654 1776 2707 qui-

490 2744 492 2746 ,
534 2705 714 2757 quidem
738 2702 785 2739 V.
810 2702 862 2741 D.
886 2702 1264 2741 Trimalchionem
1293 2718 1471 2750 servum
1505 2705 1610 2747 olim
1637 2707 1786 2749 Mae--

531 2761 693 2801 cenatis
725 2758 856 2798 fuisse
887 2770 1049 2810 ponere
1080 2758 1281 2805 malebat,
1315 2773 1446 2812 quam
1476 2760 1755 2808 imitatorem.
