1844 3211
464 238 983 279 MAECENATIANA:
1109 257 1111 259 -
1301 222 1385 286 35

54 356 185 398 quem
215 359 315 387 vero
344 361 519 390 sensum
548 348 653 391 haec
675 352 952 397 constituant,
981 353 1115 390 nemo
1137 349 1266 409 facile
1289 362 1384 405 per-

52 416 214 471 spiciet.
274 417 611 473 Cannegieterus
641 421 695 459 ad
724 421 884 460 Aviani
911 418 1001 458 fab.
1032 419 1088 458 11.
1118 431 1156 471 p.
1174 422 1267 493 22.

250 487 427 542 Lugent
455 502 480 529 o
507 502 603 534 mea
634 492 735 536 vita,
764 498 808 530 te
838 488 1100 543 smaragdus,

245 556 431 598 Berillus
461 572 645 612 quoque,
679 560 859 609 Flacce;
889 573 972 599 nec
1000 561 1163 609 nitent,
1195 566 1247 600 ut

247 626 412 681 Nuper,
443 629 625 669 candida
653 629 980 683 inmargarita.
1016 640 1178 681 quaero

247 697 362 745 Nec,
393 712 495 753 quos
527 708 607 738 etc.
1032 686 1034 689 ⁵

45 764 127 806 ubi
156 767 201 807 in
229 778 366 823 metro
395 769 662 822 repudiatur.
707 785 764 794 -
804 765 892 805 Tot
920 765 1098 811 diversis
1127 767 1382 810 tentamini·

51 834 129 876 bus
158 836 307 877 locum
345 838 464 877 dedit
503 837 677 889 opinio,
725 847 926 887 perversa
964 835 1094 885 licet,
1142 844 1289 878 tamen
1326 840 1381 879 ab

46 907 374 957 omnibus-fere
403 914 592 957 recepta,
622 905 698 956 qui
727 904 1008 961 Epigramma
1037 904 1123 944 hoc
1152 918 1177 944 a
1209 906 1382 947 Maece-

43 984 146 1019 nate
185 977 233 1016 in
274 976 448 1016 obitum
488 975 659 1015 Horatii
699 965 934 1027 scriptum'
966 975 1247 1016 crediderunt.
1325 978 1384 1019 At

43 1043 252 1083 Horatius
283 1047 366 1084 vita
397 1045 629 1084 defunctus
662 1052 726 1084 est
754 1053 847 1096 post
867 1043 1179 1088 Maecenatem.
1212 1047 1381 1089 cfiSue·

41 1120 132 1154 ton.
163 1115 233 1154 vit.
265 1113 392 1162 Hor.«;
423 1115 527 1155 licet
556 1115 756 1167 Rutgers.
788 1115 837 1153 in
872 1113 1032 1156 Venus.
1063 1115 1181 1157 Lect.
1213 1131 1250 1170 p.
1281 1121 1379 1166 409.

42 1184 191 1225 locum
222 1185 350 1226 illum
380 1187 428 1226 in
466 1185 648 1225 dubium
681 1185 916 1233 vocaverit,
964 1193 1171 1238 putetque
1202 1186 1381 1228 Maece-

42 1262 192 1295 natem
218 1256 394 1297 Horatio
425 1257 720 1309 supervixisse.
742 1276 799 1285 —-
828 1255 1072 1296 Massonius
1101 1257 1148 1296 in
1180 1258 1266 1297 vita
1288 1257 1379 1298 Ho-

43 1334 121 1367 rat.
150 1340 190 1379 p.
211 1327 620 1380 369samplectitur
651 1326 785 1364 etiam
810 1324 969 1365 Alciati
999 1326 1349 1367 emendationem
1366 1343 1379 1368 ε

180 1397 411 1445 Lucentes,
441 1410 539 1437 mea
569 1397 665 1442 vita,
696 1407 778 1434 nec
809 1394 1056 1449 smaragdos
1081 1403 1160 1434 etc.

39 1466 211 1507 reiectis
252 1467 437 1508 aliorum
466 1464 688 1521 Lugenti,
729 1467 884 1516 lugent
915 1474 980 1509 te,
1026 1464 1091 1503 vel
1131 1467 1290 1517 lugens
1319 1475 1379 1513 te,

40 1537 294 1589 praesertim
331 1551 465 1590 quum
508 1550 605 1577 mea
633 1536 729 1576 vita
768 1536 837 1573 vix
873 1534 927 1573 de
958 1535 1100 1574 amico
1141 1536 1232 1575 iam
1261 1549 1378 1577 mor-

38 1612 114 1646 tuo
144 1605 229 1646 dici
259 1608 402 1659 possit.
462 1607 516 1646 Et
548 1613 665 1645 certe
696 1604 805 1644 huic
834 1604 1110 1643 coniecturae
1152 1606 1381 1658 adstipula-

38 1683 111 1715 tur
140 1676 236 1718 cod.
270 1677 351 1719 Ms.
378 1678 529 1718 Isidori
558 1676 700 1722 Leid.‚
740 1676 788 1715 in
828 1688 912 1729 quo
942 1673 1149 1716 Lucente.
1210 1675 1296 1716 Sed
1325 1675 1380 1718 li·

41 1755 108 1787 cet
135 1761 189 1789 ex
218 1748 285 1790 his
316 1750 416 1790 satis
447 1756 638 1795 constet,
658 1746 711 1785 ad
742 1745 912 1786 obitum
940 1744 1086 1785 Flacci
1118 1758 1264 1785 versus
1296 1746 1377 1787 ho·

39 1828 131 1857 non
160 1819 413 1859 referendos
445 1832 562 1866 esse,
606 1817 787 1859 difficile
815 1825 963 1856 tamen
993 1823 1059 1855 est
1085 1816 1273 1857 definire
1302 1827 1379 1859 aut

39 1888 149 1927 certi
178 1888 343 1941 aliquid
373 1889 612 1935 adfirmare,
644 1900 725 1940 qua
755 1887 980 1925 occasione
1008 1899 1078 1925 eos
1101 1889 1245 1927 amico
1275 1891 1379 1930 scri-

34 1958 169 2009 pserit
208 1956 453 1997 Maecenas.
513 1957 665 2010 Neque
706 1957 825 1996 enim
864 1957 1028 1997 mirum
1069 1965 1156 2005 est,
1201 1971 1379 2000 sensum

34 2037 127 2093 npn
156 2027 304 2078 patere
334 2034 548 2079 apertum,
581 2040 717 2079 quum
747 2026 935 2078 plurima
966 2028 1234 2077 exciderint,
1268 2044 1379 2083 qnae

34 2072 275 2136 acutissimi
323 2094 479 2136 harioli
529 2096 752 2149 sagacitati
791 2096 864 2135 vix
912 2095 1059 2138 locum
1108 2098 1376 2153 relinquant.

35 2163 83 2205 si
110 2173 258 2204 tamen
289 2164 480 2205 divinare
513 2165 663 2211 liceat,
707 2165 821 2204 forte
862 2173 926 2203 est
968 2165 1272 2219 fragmentum
1314 2170 1375 2209 la-

36 2249 185 2279 cerum
215 2237 446 2285 carminis,
476 2235 528 2277 ad
558 2234 794 2276 Horatium
820 2232 1050 2275 absentem
1078 2237 1252 2290 scripti,
1290 2251 1374 2293 quo

31 2306 356 2359 impatientiam
397 2314 441 2346 et
477 2305 738 2346 desiderium
782 2317 909 2345 suum
941 2307 1082 2346 amico
1114 2309 1266 2360 procul
1298 2310 1375 2351 de-

19 2378 153 2430 'geuti
175 2376 399 2418 versiculis·
421 2391 515 2430 pro*
530 2390 651 2417 more
681 2374 959 2417 mollioribus
982 2379 1244 2430 expresserit
1256 2379 1375 2420 Mae-

33 2460 172 2496 cenas,
203 2461 330 2501 seque
361 2460 538 2487 omnem
570 2447 740 2487 cultum
771 2454 815 2485 et
844 2454 1064 2494 ornatum,
1090 2448 1373 2505 studiumque

2 2519 310 2570 ·gem'marum
351 2517 598 2571 deposuisse
636 2517 705 2557 his
742 2515 931 2571 indicet,
990 2529 1134 2569 neque
1184 2519 1371 2572 amplius

31 2600 178 2628 curare
218 2576 408 2642 beryllos
460 2601 555 2627 suos
574 2615 585 2633 ‚
645 2585 922 2638 zmaragdos,
980 2588 1236 2639 margarita,
1296 2597 1373 2629 aut

32 2658 229 2711 iaspides,
260 2659 418 2713 quibus
440 2658 564 2698 aliter
588 2658 642 2697 ad
670 2658 887 2698 insaniam
915 2655 1229 2696 delectabatur:
1260 2659 1372 2710 quod

32 2730 196 2782 optime
223 2731 289 2770 rei
317 2730 401 2784 ipsi
419 2717 651 2777 convenit,
682 2728 782 2783 quia
811 2726 999 2774 amicos,
1030 2738 1135 2780 quos
1167 2741 1270 2781 prae
1301 2743 1374 2769 ce-

1004 2808 1075 2864 3*
