<?xml version="1.0" encoding="UTF-8"?>
<!DOCTYPE html PUBLIC "-//W3C//DTD XHTML 1.0 Transitional//EN"
    "http://www.w3.org/TR/xhtml1/DTD/xhtml1-transitional.dtd">
<html xmlns="http://www.w3.org/1999/xhtml" xml:lang="en" lang="en">
 <head>
  <title>
</title>
<meta http-equiv="Content-Type" content="text/html;charset=utf-8" />
  <meta name='ocr-system' content='tesseract 3.04.00' />
  <meta name='ocr-capabilities' content='ocr_page ocr_carea ocr_par ocr_line ocrx_word'/>
</head>
<body>
  <div class='ocr_page' id='page_1' title='image "./4626092_0051.png"; bbox 0 0 1844 3211; ppageno 0'>
   <div class='ocr_carea' id='block_1_1' title="bbox 458 193 1373 253">
    <p class='ocr_par' dir='ltr' id='par_1_1' title="bbox 458 193 1373 253">
     <span class='ocr_line' id='line_1_1' title="bbox 458 193 1373 253; baseline 0.004 -4"><span class='ocrx_word' id='word_1_1' title='bbox 458 207 959 250; x_wconf 69' lang='lat' dir='ltr'>MAECENATIANA.</span> <span class='ocrx_word' id='word_1_2' title='bbox 972 219 979 243; x_wconf 55' lang='grc' dir='ltr'><strong><em>ς</em></strong></span> <span class='ocrx_word' id='word_1_3' title='bbox 1289 193 1373 253; x_wconf 87' lang='grc'>31</span> 
     </span>
    </p>
   </div>
   <div class='ocr_carea' id='block_1_2' title="bbox 0 307 1409 2606">
    <p class='ocr_par' dir='ltr' id='par_1_2' title="bbox 49 307 1379 1140">
     <span class='ocr_line' id='line_1_2' title="bbox 57 307 1372 370; baseline 0.002 -15"><span class='ocrx_word' id='word_1_4' title='bbox 57 317 198 370; x_wconf 84' lang='lat' dir='ltr'>prium</span> <span class='ocrx_word' id='word_1_5' title='bbox 231 317 285 357; x_wconf 86' lang='lat' dir='ltr'>de</span> <span class='ocrx_word' id='word_1_6' title='bbox 313 319 517 360; x_wconf 85' lang='lat' dir='ltr'>iumentis</span> <span class='ocrx_word' id='word_1_7' title='bbox 546 328 684 359; x_wconf 82' lang='lat' dir='ltr'>aetate</span> <span class='ocrx_word' id='word_1_8' title='bbox 713 320 946 368; x_wconf 78' lang='lat' dir='ltr'>confectis,</span> <span class='ocrx_word' id='word_1_9' title='bbox 995 307 1186 361; x_wconf 76' lang='lat' dir='ltr'>eme&#39;ritis</span> <span class='ocrx_word' id='word_1_10' title='bbox 1220 332 1270 359; x_wconf 82' lang='lat' dir='ltr'>ac</span> <span class='ocrx_word' id='word_1_11' title='bbox 1299 317 1372 358; x_wconf 85' lang='lat' dir='ltr'>de-</span> 
     </span>
     <span class='ocr_line' id='line_1_3' title="bbox 56 387 1372 430; baseline 0.001 -3"><span class='ocrx_word' id='word_1_12' title='bbox 56 387 234 427; x_wconf 79' lang='lat' dir='ltr'>bilitatis</span> <span class='ocrx_word' id='word_1_13' title='bbox 263 400 352 429; x_wconf 87' lang='lat' dir='ltr'>esse</span> <span class='ocrx_word' id='word_1_14' title='bbox 382 389 559 429; x_wconf 89' lang='lat' dir='ltr'>verbum</span> <span class='ocrx_word' id='word_1_15' title='bbox 589 389 710 430; x_wconf 87' lang='lat' dir='ltr'>docet</span> <span class='ocrx_word' id='word_1_16' title='bbox 748 387 930 428; x_wconf 89' lang='lat' dir='ltr'>Gronov.</span> <span class='ocrx_word' id='word_1_17' title='bbox 957 389 1010 429; x_wconf 81' lang='lat' dir='ltr'>ad</span> <span class='ocrx_word' id='word_1_18' title='bbox 1038 387 1212 427; x_wconf 86' lang='lat' dir='ltr'>Sueton.</span> <span class='ocrx_word' id='word_1_19' title='bbox 1242 390 1372 428; x_wconf 85' lang='lat' dir='ltr'>vitam</span> 
     </span>
     <span class='ocr_line' id='line_1_4' title="bbox 54 455 1370 510; baseline -0.006 -5"><span class='ocrx_word' id='word_1_20' title='bbox 54 458 200 505; x_wconf 76' lang='lat' dir='ltr'>Horat.</span> <span class='ocrx_word' id='word_1_21' title='bbox 223 470 297 488; x_wconf 83' lang='lat'>&#39;·-</span> <span class='ocrx_word' id='word_1_22' title='bbox 369 459 565 502; x_wconf 81' lang='lat' dir='ltr'>Metrum</span> <span class='ocrx_word' id='word_1_23' title='bbox 614 463 747 502; x_wconf 79' lang='lat' dir='ltr'>etiam</span> <span class='ocrx_word' id='word_1_24' title='bbox 797 458 948 500; x_wconf 77' lang='lat' dir='ltr'>suadet</span> <span class='ocrx_word' id='word_1_25' title='bbox 994 467 1227 509; x_wconf 85' lang='lat' dir='ltr'>utrumque</span> <span class='ocrx_word' id='word_1_26' title='bbox 1266 455 1370 510; x_wconf 83' lang='lat' dir='ltr'>Epi-</span> 
     </span>
     <span class='ocr_line' id='line_1_5' title="bbox 53 514 1379 587; baseline -0.004 -18"><span class='ocrx_word' id='word_1_27' title='bbox 53 542 244 582; x_wconf 79' lang='lat' dir='ltr'>gramma</span> <span class='ocrx_word' id='word_1_28' title='bbox 273 514 467 571; x_wconf 81' lang='lat' dir='ltr'>eiusdem</span> <span class='ocrx_word' id='word_1_29' title='bbox 497 546 584 571; x_wconf 86' lang='lat' dir='ltr'>esse</span> <span class='ocrx_word' id='word_1_30' title='bbox 622 532 846 577; x_wconf 87' lang='lat' dir='ltr'>carminis,</span> <span class='ocrx_word' id='word_1_31' title='bbox 897 529 1012 587; x_wconf 68' lang='lat' dir='ltr'>quod¹</span> <span class='ocrx_word' id='word_1_32' title='bbox 1039 535 1282 580; x_wconf 84' lang='lat' dir='ltr'>separatum</span> <span class='ocrx_word' id='word_1_33' title='bbox 1311 532 1379 566; x_wconf 56' lang='lat' dir='ltr'>et:</span> 
     </span>
     <span class='ocr_line' id='line_1_6' title="bbox 52 599 1375 654; baseline -0.002 -16"><span class='ocrx_word' id='word_1_34' title='bbox 52 600 143 644; x_wconf 63' lang='lat' dir='ltr'>iam</span> <span class='ocrx_word' id='word_1_35' title='bbox 183 599 343 653; x_wconf 82' lang='lat' dir='ltr'>legitur</span> <span class='ocrx_word' id='word_1_36' title='bbox 379 603 492 654; x_wconf 78' lang='lat' dir='ltr'>apud</span> <span class='ocrx_word' id='word_1_37' title='bbox 530 602 761 644; x_wconf 78' lang='lat' dir='ltr'>Pithoeum</span> <span class='ocrx_word' id='word_1_38' title='bbox 801 600 877 641; x_wconf 88' lang='lat' dir='ltr'>lib.</span> <span class='ocrx_word' id='word_1_39' title='bbox 909 604 947 644; x_wconf 88' lang='lat'>1.</span> <span class='ocrx_word' id='word_1_40' title='bbox 987 612 1027 651; x_wconf 89' lang='lat' dir='ltr'>p.</span> <span class='ocrx_word' id='word_1_41' title='bbox 1057 601 1126 642; x_wconf 87' lang='lat'>41.</span> <span class='ocrx_word' id='word_1_42' title='bbox 1157 604 1205 637; x_wconf 63' lang='lat' dir='ltr'>et.</span> <span class='ocrx_word' id='word_1_43' title='bbox 1229 599 1299 641; x_wconf 88' lang='lat'>96.</span> <span class='ocrx_word' id='word_1_44' title='bbox 1329 604 1375 637; x_wconf 76' lang='lat' dir='ltr'>et·</span> 
     </span>
     <span class='ocr_line' id='line_1_7' title="bbox 53 666 1375 723; baseline -0.003 -11"><span class='ocrx_word' id='word_1_45' title='bbox 53 666 250 721; x_wconf 75' lang='lat' dir='ltr'>Scaliger.</span> <span class='ocrx_word' id='word_1_46' title='bbox 284 685 321 723; x_wconf 88' lang='lat' dir='ltr'>p.</span> <span class='ocrx_word' id='word_1_47' title='bbox 354 676 449 717; x_wconf 88' lang='grc'><strong>189.</strong></span> <span class='ocrx_word' id='word_1_48' title='bbox 479 680 522 711; x_wconf 84' lang='lat' dir='ltr'>et</span> <span class='ocrx_word' id='word_1_49' title='bbox 548 676 647 716; x_wconf 85' lang='lat'><strong>212.</strong></span> <span class='ocrx_word' id='word_1_50' title='bbox 677 691 732 700; x_wconf 90' lang='lat'>—-</span> <span class='ocrx_word' id='word_1_51' title='bbox 795 671 878 709; x_wconf 86' lang='lat' dir='ltr'>Pro</span> <span class='ocrx_word' id='word_1_52' title='bbox 914 670 1073 709; x_wconf 83' lang='lat' dir='ltr'><em>Ninnio</em></span> <span class='ocrx_word' id='word_1_53' title='bbox 1101 668 1228 721; x_wconf 84' lang='lat' dir='ltr'>vulgo</span> <span class='ocrx_word' id='word_1_54' title='bbox 1243 667 1375 721; x_wconf 71' lang='lat' dir='ltr'>v,lege-</span> 
     </span>
     <span class='ocr_line' id='line_1_8' title="bbox 53 735 1373 790; baseline 0.002 -15"><span class='ocrx_word' id='word_1_55' title='bbox 53 735 201 777; x_wconf 83' lang='lat' dir='ltr'>batur:</span> <span class='ocrx_word' id='word_1_56' title='bbox 257 737 427 782; x_wconf 50' lang='lat' dir='ltr'>Nimio(</span> <span class='ocrx_word' id='word_1_57' title='bbox 447 741 664 781; x_wconf 87' lang='lat' dir='ltr'>Ninnium</span> <span class='ocrx_word' id='word_1_58' title='bbox 704 740 789 778; x_wconf 88' lang='lat' dir='ltr'>sive</span> <span class='ocrx_word' id='word_1_59' title='bbox 831 738 1033 783; x_wconf 80' lang='lat' dir='ltr'>Ninnum</span> <span class='ocrx_word' id='word_1_60' title='bbox 1071 751 1159 776; x_wconf 84' lang='lat' dir='ltr'>esse</span> <span class='ocrx_word' id='word_1_61' title='bbox 1196 750 1373 790; x_wconf 85' lang='lat' dir='ltr'>parvum</span> 
     </span>
     <span class='ocr_line' id='line_1_9' title="bbox 53 804 1371 860; baseline 0.002 -14"><span class='ocrx_word' id='word_1_62' title='bbox 53 820 209 859; x_wconf 88' lang='lat' dir='ltr'>equum</span> <span class='ocrx_word' id='word_1_63' title='bbox 219 837 236 857; x_wconf 78' lang='grc'>,,</span> <span class='ocrx_word' id='word_1_64' title='bbox 278 811 465 850; x_wconf 82' lang='lat' dir='ltr'><strong>ostendit</strong></span> <span class='ocrx_word' id='word_1_65' title='bbox 489 808 811 860; x_wconf 87' lang='lat' dir='ltr'>Lindenbrog.,</span> <span class='ocrx_word' id='word_1_66' title='bbox 844 807 915 845; x_wconf 90' lang='lat' dir='ltr'>cui</span> <span class='ocrx_word' id='word_1_67' title='bbox 943 804 1107 845; x_wconf 83' lang='lat' dir='ltr'>accedit</span> <span class='ocrx_word' id='word_1_68' title='bbox 1132 805 1371 848; x_wconf 82' lang='lat' dir='ltr'><strong>Burmann.</strong></span> 
     </span>
     <span class='ocr_line' id='line_1_10' title="bbox 50 874 1373 923; baseline -0.002 -7"><span class='ocrx_word' id='word_1_69' title='bbox 50 877 245 918; x_wconf 86' lang='lat' dir='ltr'>Nannius</span> <span class='ocrx_word' id='word_1_70' title='bbox 283 880 359 919; x_wconf 91' lang='lat' dir='ltr'>lib.</span> <span class='ocrx_word' id='word_1_71' title='bbox 389 880 465 918; x_wconf 84' lang='grc' dir='ltr'><strong>ΙΙΙ.</strong></span> <span class='ocrx_word' id='word_1_72' title='bbox 497 878 684 919; x_wconf 88' lang='lat' dir='ltr'>Miscell.</span> <span class='ocrx_word' id='word_1_73' title='bbox 717 890 752 916; x_wconf 91' lang='lat' dir='ltr'>c.</span> <span class='ocrx_word' id='word_1_74' title='bbox 782 880 849 923; x_wconf 85' lang='grc'>2.,</span> <span class='ocrx_word' id='word_1_75' title='bbox 899 874 1060 915; x_wconf 79' lang='lat' dir='ltr'>relictis</span> <span class='ocrx_word' id='word_1_76' title='bbox 1099 875 1373 917; x_wconf 86' lang='lat' dir='ltr'>membrana-</span> 
     </span>
     <span class='ocr_line' id='line_1_11' title="bbox 49 946 613 996; baseline 0 -11"><span class='ocrx_word' id='word_1_77' title='bbox 49 957 147 987; x_wconf 80' lang='lat' dir='ltr'>rum</span> <span class='ocrx_word' id='word_1_78' title='bbox 175 946 337 986; x_wconf 84' lang='lat' dir='ltr'>lacunis</span> <span class='ocrx_word' id='word_1_79' title='bbox 366 948 425 986; x_wconf 88' lang='lat' dir='ltr'>ita</span> <span class='ocrx_word' id='word_1_80' title='bbox 456 947 613 996; x_wconf 79' lang='lat' dir='ltr'><strong>edidit:</strong></span> 
     </span>
     <span class='ocr_line' id='line_1_12' title="bbox 250 1012 1095 1070; baseline -0.001 -15"><span class='ocrx_word' id='word_1_81' title='bbox 250 1017 351 1055; x_wconf 89' lang='lat' dir='ltr'>Plus</span> <span class='ocrx_word' id='word_1_82' title='bbox 380 1018 470 1057; x_wconf 87' lang='lat' dir='ltr'>iam</span> <span class='ocrx_word' id='word_1_83' title='bbox 501 1017 631 1070; x_wconf 84' lang='lat' dir='ltr'>diligo</span> <span class='ocrx_word' id='word_1_84' title='bbox 660 1016 684 1043; x_wconf 90' lang='lat'><em>*</em></span> <span class='ocrx_word' id='word_1_85' title='bbox 718 1014 870 1056; x_wconf 85' lang='lat' dir='ltr'><strong>Titum</strong></span> <span class='ocrx_word' id='word_1_86' title='bbox 902 1012 1095 1055; x_wconf 76' lang='lat' dir='ltr'>sodalem</span> 
     </span>
     <span class='ocr_line' id='line_1_13' title="bbox 246 1085 948 1140; baseline -0.004 -13"><span class='ocrx_word' id='word_1_87' title='bbox 246 1085 272 1112; x_wconf 80' lang='grc'><em>*</em></span> <span class='ocrx_word' id='word_1_88' title='bbox 302 1086 445 1127; x_wconf 90' lang='lat' dir='ltr'>Minio</span> <span class='ocrx_word' id='word_1_89' title='bbox 476 1087 613 1126; x_wconf 87' lang='lat' dir='ltr'>videas</span> <span class='ocrx_word' id='word_1_90' title='bbox 645 1088 948 1140; x_wconf 84' lang='lat' dir='ltr'>strigosiorem.</span> 
     </span>
    </p>

    <p class='ocr_par' dir='ltr' id='par_1_3' title="bbox 0 1154 1409 2606">
     <span class='ocr_line' id='line_1_14' title="bbox 50 1154 1376 1208; baseline 0.001 -11"><span class='ocrx_word' id='word_1_91' title='bbox 50 1166 148 1206; x_wconf 64' lang='lat' dir='ltr'>quas</span> <span class='ocrx_word' id='word_1_92' title='bbox 187 1154 454 1197; x_wconf 82' lang='lat' dir='ltr'>divinatione</span> <span class='ocrx_word' id='word_1_93' title='bbox 493 1158 721 1202; x_wconf 75' lang='lat' dir='ltr'>temeraria</span> <span class='ocrx_word' id='word_1_94' title='bbox 761 1156 958 1208; x_wconf 84' lang='lat' dir='ltr'>supplere</span> <span class='ocrx_word' id='word_1_95' title='bbox 998 1169 1088 1195; x_wconf 89' lang='lat' dir='ltr'>non</span> <span class='ocrx_word' id='word_1_96' title='bbox 1136 1169 1287 1197; x_wconf 86' lang='lat' dir='ltr'>ausum</span> <span class='ocrx_word' id='word_1_97' title='bbox 1326 1169 1376 1198; x_wconf 73' lang='lat' dir='ltr'>se</span> 
     </span>
     <span class='ocr_line' id='line_1_15' title="bbox 49 1223 1377 1281; baseline 0.003 -18"><span class='ocrx_word' id='word_1_98' title='bbox 49 1223 218 1267; x_wconf 83' lang='lat' dir='ltr'>fatetur.</span> <span class='ocrx_word' id='word_1_99' title='bbox 286 1226 433 1281; x_wconf 85' lang='lat' dir='ltr'>Neque</span> <span class='ocrx_word' id='word_1_100' title='bbox 462 1231 594 1268; x_wconf 79' lang='lat' dir='ltr'>etiam</span> <span class='ocrx_word' id='word_1_101' title='bbox 623 1240 749 1266; x_wconf 86' lang='lat' dir='ltr'>ausus</span> <span class='ocrx_word' id='word_1_102' title='bbox 783 1228 866 1266; x_wconf 82' lang='lat' dir='ltr'>fuit</span> <span class='ocrx_word' id='word_1_103' title='bbox 896 1227 1171 1276; x_wconf 73' lang='lat' dir='ltr'>Rutgersius,</span> <span class='ocrx_word' id='word_1_104' title='bbox 1208 1228 1255 1265; x_wconf 91' lang='lat' dir='ltr'>in</span> <span class='ocrx_word' id='word_1_105' title='bbox 1292 1227 1377 1267; x_wconf 71' lang='lat' dir='ltr'>Ve-</span> 
     </span>
     <span class='ocr_line' id='line_1_16' title="bbox 48 1296 1370 1350; baseline 0.002 -17"><span class='ocrx_word' id='word_1_106' title='bbox 48 1297 189 1335; x_wconf 85' lang='lat' dir='ltr'>nusin.</span> <span class='ocrx_word' id='word_1_107' title='bbox 223 1296 354 1337; x_wconf 87' lang='lat' dir='ltr'>Lectt.</span> <span class='ocrx_word' id='word_1_108' title='bbox 386 1311 420 1337; x_wconf 89' lang='lat' dir='ltr'>c.</span> <span class='ocrx_word' id='word_1_109' title='bbox 450 1302 520 1342; x_wconf 86' lang='lat'>30.</span> <span class='ocrx_word' id='word_1_110' title='bbox 589 1298 759 1337; x_wconf 88' lang='lat' dir='ltr'>Vossius</span> <span class='ocrx_word' id='word_1_111' title='bbox 791 1298 843 1336; x_wconf 91' lang='lat' dir='ltr'>de</span> <span class='ocrx_word' id='word_1_112' title='bbox 874 1298 986 1349; x_wconf 70' lang='lat' dir='ltr'>poet.</span> <span class='ocrx_word' id='word_1_113' title='bbox 1020 1297 1164 1336; x_wconf 77' lang='lat' dir='ltr'>Latin.</span> <span class='ocrx_word' id='word_1_114' title='bbox 1194 1311 1229 1336; x_wconf 88' lang='lat' dir='ltr'>e.</span> <span class='ocrx_word' id='word_1_115' title='bbox 1256 1302 1295 1340; x_wconf 86' lang='grc'>2.</span> <span class='ocrx_word' id='word_1_116' title='bbox 1326 1311 1370 1350; x_wconf 90' lang='lat' dir='ltr'>p.</span> 
     </span>
     <span class='ocr_line' id='line_1_17' title="bbox 47 1365 1375 1419; baseline 0.003 -16"><span class='ocrx_word' id='word_1_117' title='bbox 47 1369 115 1408; x_wconf 83' lang='lat'>21.</span> <span class='ocrx_word' id='word_1_118' title='bbox 158 1365 321 1407; x_wconf 79' lang='lat' dir='ltr'><em>Ninnio</em></span> <span class='ocrx_word' id='word_1_119' title='bbox 353 1368 530 1419; x_wconf 84' lang='lat' dir='ltr'>probat,</span> <span class='ocrx_word' id='word_1_120' title='bbox 577 1376 619 1406; x_wconf 91' lang='lat' dir='ltr'>et</span> <span class='ocrx_word' id='word_1_121' title='bbox 657 1368 890 1419; x_wconf 83' lang='lat' dir='ltr'>respexisse</span> <span class='ocrx_word' id='word_1_122' title='bbox 921 1374 1041 1418; x_wconf 85' lang='lat' dir='ltr'>putat</span> <span class='ocrx_word' id='word_1_123' title='bbox 1071 1366 1375 1407; x_wconf 77' lang='lat' dir='ltr'>Maecenatem</span> 
     </span>
     <span class='ocr_line' id='line_1_18' title="bbox 49 1434 1376 1489; baseline 0.002 -17"><span class='ocrx_word' id='word_1_124' title='bbox 49 1434 101 1472; x_wconf 87' lang='lat' dir='ltr'>ad</span> <span class='ocrx_word' id='word_1_125' title='bbox 133 1435 347 1476; x_wconf 88' lang='lat' dir='ltr'>Ninnium</span> <span class='ocrx_word' id='word_1_126' title='bbox 389 1438 559 1489; x_wconf 72' lang='lat' dir='ltr'>poetam</span> <span class='ocrx_word' id='word_1_127' title='bbox 602 1435 724 1477; x_wconf 77' lang='lat' dir='ltr'>istius</span> <span class='ocrx_word' id='word_1_128' title='bbox 753 1437 990 1487; x_wconf 81' lang='lat' dir='ltr'>temporis,</span> <span class='ocrx_word' id='word_1_129' title='bbox 1041 1443 1215 1487; x_wconf 79' lang='lat' dir='ltr'>propter</span> <span class='ocrx_word' id='word_1_130' title='bbox 1243 1437 1376 1475; x_wconf 83' lang='lat' dir='ltr'>maei-</span> 
     </span>
     <span class='ocr_line' id='line_1_19' title="bbox 0 1504 1375 1559; baseline -0.001 -15"><span class='ocrx_word' id='word_1_131' title='bbox 0 1540 1 1551; x_wconf 64' lang='grc'>,</span> <span class='ocrx_word' id='word_1_132' title='bbox 48 1504 228 1546; x_wconf 78' lang='lat' dir='ltr'>lentiam</span> <span class='ocrx_word' id='word_1_133' title='bbox 276 1508 535 1555; x_wconf 75' lang='lat' dir='ltr'>ridiculum,</span> <span class='ocrx_word' id='word_1_134' title='bbox 594 1508 668 1559; x_wconf 88' lang='lat' dir='ltr'>qui</span> <span class='ocrx_word' id='word_1_135' title='bbox 709 1506 803 1545; x_wconf 87' lang='lat' dir='ltr'>aliis</span> <span class='ocrx_word' id='word_1_136' title='bbox 844 1505 1016 1545; x_wconf 86' lang='lat' dir='ltr'>Nimius</span> <span class='ocrx_word' id='word_1_137' title='bbox 1067 1504 1133 1542; x_wconf 83' lang='lat' dir='ltr'>vel</span> <span class='ocrx_word' id='word_1_138' title='bbox 1172 1504 1375 1543; x_wconf 78' lang='lat' dir='ltr'>Nunnius</span> 
     </span>
     <span class='ocr_line' id='line_1_20' title="bbox 51 1573 1376 1616; baseline 0.002 -4"><span class='ocrx_word' id='word_1_139' title='bbox 51 1573 220 1614; x_wconf 84' lang='lat' dir='ltr'>Crassus</span> <span class='ocrx_word' id='word_1_140' title='bbox 251 1586 436 1616; x_wconf 82' lang='lat' dir='ltr'>vocatur.</span> <span class='ocrx_word' id='word_1_141' title='bbox 509 1577 750 1616; x_wconf 81' lang='lat' dir='ltr'>Gronovius</span> <span class='ocrx_word' id='word_1_142' title='bbox 781 1575 834 1614; x_wconf 87' lang='lat' dir='ltr'>ad</span> <span class='ocrx_word' id='word_1_143' title='bbox 865 1575 1040 1615; x_wconf 74' lang='lat' dir='ltr'>Sueton.</span> <span class='ocrx_word' id='word_1_144' title='bbox 1072 1575 1200 1615; x_wconf 85' lang='lat' dir='ltr'>vitam</span> <span class='ocrx_word' id='word_1_145' title='bbox 1230 1575 1376 1615; x_wconf 83' lang='lat' dir='ltr'>Horat.</span> 
     </span>
     <span class='ocr_line' id='line_1_21' title="bbox 49 1643 1376 1698; baseline 0.001 -15"><span class='ocrx_word' id='word_1_146' title='bbox 49 1643 175 1698; x_wconf 79' lang='lat' dir='ltr'>legit:</span> <span class='ocrx_word' id='word_1_147' title='bbox 209 1644 279 1684; x_wconf 90' lang='lat' dir='ltr'>Tu</span> <span class='ocrx_word' id='word_1_148' title='bbox 309 1646 419 1686; x_wconf 80' lang='lat' dir='ltr'>Titii</span> <span class='ocrx_word' id='word_1_149' title='bbox 446 1646 600 1685; x_wconf 84' lang='lat' dir='ltr'>sodalis</span> <span class='ocrx_word' id='word_1_150' title='bbox 624 1645 771 1684; x_wconf 86' lang='lat' dir='ltr'>Ginno</span> <span class='ocrx_word' id='word_1_151' title='bbox 801 1657 873 1683; x_wconf 89' lang='lat' dir='ltr'>me</span> <span class='ocrx_word' id='word_1_152' title='bbox 904 1645 1042 1684; x_wconf 88' lang='lat' dir='ltr'>videas</span> <span class='ocrx_word' id='word_1_153' title='bbox 1073 1645 1376 1697; x_wconf 84' lang='lat' dir='ltr'>strigosiorem.</span> 
     </span>
     <span class='ocr_line' id='line_1_22' title="bbox 49 1711 1389 1769; baseline 0.001 -17"><span class='ocrx_word' id='word_1_154' title='bbox 49 1711 148 1762; x_wconf 88' lang='lat' dir='ltr'>(ubi</span> <span class='ocrx_word' id='word_1_155' title='bbox 187 1725 378 1755; x_wconf 82' lang='lat' dir='ltr'>metrum</span> <span class='ocrx_word' id='word_1_156' title='bbox 417 1717 628 1769; x_wconf 81' lang='lat' dir='ltr'>exigeret:</span> <span class='ocrx_word' id='word_1_157' title='bbox 675 1714 785 1764; x_wconf 70' lang='lat' dir='ltr'>Titi)</span> <span class='ocrx_word' id='word_1_158' title='bbox 824 1724 1045 1767; x_wconf 82' lang='lat' dir='ltr'>putatque·</span> <span class='ocrx_word' id='word_1_159' title='bbox 1070 1712 1179 1754; x_wconf 74' lang='lat' dir='ltr'>Titii</span> <span class='ocrx_word' id='word_1_160' title='bbox 1215 1717 1389 1756; x_wconf 77' lang='lat' dir='ltr'>sodalis.</span> 
     </span>
     <span class='ocr_line' id='line_1_23' title="bbox 49 1779 1378 1838; baseline 0 -14"><span class='ocrx_word' id='word_1_161' title='bbox 49 1781 245 1827; x_wconf 82' lang='lat' dir='ltr'>Ginnum</span> <span class='ocrx_word' id='word_1_162' title='bbox 286 1787 373 1825; x_wconf 84' lang='lat' dir='ltr'>sive</span> <span class='ocrx_word' id='word_1_163' title='bbox 414 1799 571 1838; x_wconf 89' lang='lat' dir='ltr'>equum</span> <span class='ocrx_word' id='word_1_164' title='bbox 608 1793 683 1823; x_wconf 85' lang='lat' dir='ltr'>aut</span> <span class='ocrx_word' id='word_1_165' title='bbox 722 1784 918 1831; x_wconf 88' lang='lat' dir='ltr'>mulum,</span> <span class='ocrx_word' id='word_1_166' title='bbox 956 1779 1034 1835; x_wconf 82' lang='lat' dir='ltr'>pro</span> <span class='ocrx_word' id='word_1_167' title='bbox 1065 1783 1178 1822; x_wconf 83' lang='lat' dir='ltr'>male</span> <span class='ocrx_word' id='word_1_168' title='bbox 1208 1785 1297 1823; x_wconf 90' lang='lat' dir='ltr'>vivo</span> <span class='ocrx_word' id='word_1_169' title='bbox 1325 1796 1378 1824; x_wconf 79' lang='lat' dir='ltr'>ac</span> 
     </span>
     <span class='ocr_line' id='line_1_24' title="bbox 47 1853 1409 1907; baseline 0 -15"><span class='ocrx_word' id='word_1_170' title='bbox 47 1854 282 1898; x_wconf 80' lang='lat' dir='ltr'>macilento</span> <span class='ocrx_word' id='word_1_171' title='bbox 311 1855 434 1893; x_wconf 81' lang='lat' dir='ltr'>mulo</span> <span class='ocrx_word' id='word_1_172' title='bbox 474 1856 584 1902; x_wconf 89' lang='lat' dir='ltr'>dici,</span> <span class='ocrx_word' id='word_1_173' title='bbox 637 1853 1021 1905; x_wconf 75' lang='lat' dir='ltr'>Maecenatemque</span> <span class='ocrx_word' id='word_1_174' title='bbox 1057 1854 1291 1907; x_wconf 82' lang='lat' dir='ltr'>respexisse</span> <span class='ocrx_word' id='word_1_175' title='bbox 1320 1853 1409 1904; x_wconf 39' lang='lat' dir='ltr'>ad„</span> 
     </span>
     <span class='ocr_line' id='line_1_25' title="bbox 46 1922 1376 1974; baseline 0.002 -13"><span class='ocrx_word' id='word_1_176' title='bbox 46 1922 277 1974; x_wconf 84' lang='lat' dir='ltr'>quemdam</span> <span class='ocrx_word' id='word_1_177' title='bbox 316 1936 372 1961; x_wconf 83' lang='lat' dir='ltr'>ex</span> <span class='ocrx_word' id='word_1_178' title='bbox 412 1922 541 1963; x_wconf 85' lang='lat' dir='ltr'>Titiis</span> <span class='ocrx_word' id='word_1_179' title='bbox 588 1922 805 1961; x_wconf 85' lang='lat' dir='ltr'>sodalibus</span> <span class='ocrx_word' id='word_1_180' title='bbox 855 1924 1144 1963; x_wconf 81' lang='lat' dir='ltr'>sacerdotibus</span> <span class='ocrx_word' id='word_1_181' title='bbox 1181 1926 1376 1965; x_wconf 85' lang='lat' dir='ltr'>vicinum</span> 
     </span>
     <span class='ocr_line' id='line_1_26' title="bbox 48 1992 1378 2048; baseline 0.004 -18"><span class='ocrx_word' id='word_1_182' title='bbox 48 2003 196 2040; x_wconf 68' lang='lat' dir='ltr'>suum,</span> <span class='ocrx_word' id='word_1_183' title='bbox 251 1992 431 2031; x_wconf 79' lang='lat' dir='ltr'>Horatio</span> <span class='ocrx_word' id='word_1_184' title='bbox 473 1994 603 2032; x_wconf 82' lang='lat' dir='ltr'>etiam</span> <span class='ocrx_word' id='word_1_185' title='bbox 634 2001 813 2041; x_wconf 87' lang='lat' dir='ltr'>notum,</span> <span class='ocrx_word' id='word_1_186' title='bbox 867 1994 941 2045; x_wconf 92' lang='lat' dir='ltr'>qui</span> <span class='ocrx_word' id='word_1_187' title='bbox 979 1995 1176 2033; x_wconf 84' lang='lat' dir='ltr'>iumento</span> <span class='ocrx_word' id='word_1_188' title='bbox 1218 2008 1378 2048; x_wconf 86' lang='lat' dir='ltr'>parum</span> 
     </span>
     <span class='ocr_line' id='line_1_27' title="bbox 47 2060 1377 2113; baseline 0.008 -17"><span class='ocrx_word' id='word_1_189' title='bbox 47 2069 191 2099; x_wconf 83' lang='lat' dir='ltr'>curato</span> <span class='ocrx_word' id='word_1_190' title='bbox 250 2062 339 2100; x_wconf 87' lang='lat' dir='ltr'>eius</span> <span class='ocrx_word' id='word_1_191' title='bbox 387 2061 513 2100; x_wconf 79' lang='lat' dir='ltr'>aedes</span> <span class='ocrx_word' id='word_1_192' title='bbox 564 2060 715 2100; x_wconf 91' lang='lat' dir='ltr'>crebro</span> <span class='ocrx_word' id='word_1_193' title='bbox 770 2064 1190 2113; x_wconf 65' lang='lat' dir='ltr'>praemi-vehebatur.</span> <span class='ocrx_word' id='word_1_194' title='bbox 1289 2066 1377 2111; x_wconf 77' lang='lat' dir='ltr'>Sed</span> 
     </span>
     <span class='ocr_line' id='line_1_28' title="bbox 46 2128 1376 2185; baseline 0.008 -18"><span class='ocrx_word' id='word_1_195' title='bbox 46 2128 153 2169; x_wconf 86' lang='lat' dir='ltr'>haec</span> <span class='ocrx_word' id='word_1_196' title='bbox 185 2132 314 2171; x_wconf 88' lang='lat' dir='ltr'>nimis</span> <span class='ocrx_word' id='word_1_197' title='bbox 346 2133 477 2185; x_wconf 87' lang='lat' dir='ltr'>longe</span> <span class='ocrx_word' id='word_1_198' title='bbox 506 2133 639 2184; x_wconf 72' lang='lat' dir='ltr'>petita</span> <span class='ocrx_word' id='word_1_199' title='bbox 670 2132 869 2172; x_wconf 85' lang='lat' dir='ltr'>videmur</span> <span class='ocrx_word' id='word_1_200' title='bbox 896 2133 1167 2176; x_wconf 85' lang='lat' dir='ltr'>Burmanno.</span> <span class='ocrx_word' id='word_1_201' title='bbox 1225 2134 1376 2177; x_wconf 86' lang='lat' dir='ltr'>Nimio</span> 
     </span>
     <span class='ocr_line' id='line_1_29' title="bbox 48 2198 1375 2259; baseline 0.008 -22"><span class='ocrx_word' id='word_1_202' title='bbox 48 2199 112 2239; x_wconf 86' lang='lat' dir='ltr'>vel</span> <span class='ocrx_word' id='word_1_203' title='bbox 154 2199 490 2255; x_wconf 62' lang='lat' dir='ltr'>Mimo.›legitur</span> <span class='ocrx_word' id='word_1_204' title='bbox 526 2204 574 2241; x_wconf 88' lang='lat' dir='ltr'>in</span> <span class='ocrx_word' id='word_1_205' title='bbox 613 2202 735 2241; x_wconf 76' lang='lat' dir='ltr'>editt.</span> <span class='ocrx_word' id='word_1_206' title='bbox 777 2198 1005 2243; x_wconf 77' lang='lat' dir='ltr'>mendosis.</span> <span class='ocrx_word' id='word_1_207' title='bbox 1088 2205 1255 2247; x_wconf 84' lang='lat' dir='ltr'>Ninnio</span> <span class='ocrx_word' id='word_1_208' title='bbox 1297 2219 1375 2259; x_wconf 82' lang='lat' dir='ltr'>pro</span> 
     </span>
     <span class='ocr_line' id='line_1_30' title="bbox 47 2269 1376 2331; baseline 0.008 -22"><span class='ocrx_word' id='word_1_209' title='bbox 47 2269 230 2311; x_wconf 84' lang='lat' dir='ltr'>hinnulo</span> <span class='ocrx_word' id='word_1_210' title='bbox 260 2271 381 2311; x_wconf 80' lang='lat' dir='ltr'>dedit</span> <span class='ocrx_word' id='word_1_211' title='bbox 411 2272 630 2318; x_wconf 82' lang='lat' dir='ltr'>Pithoeus.</span> <span class='ocrx_word' id='word_1_212' title='bbox 699 2272 856 2313; x_wconf 85' lang='lat' dir='ltr'>Hinno</span> <span class='ocrx_word' id='word_1_213' title='bbox 885 2289 953 2315; x_wconf 86' lang='lat' dir='ltr'>me</span> <span class='ocrx_word' id='word_1_214' title='bbox 983 2277 1070 2319; x_wconf 86' lang='lat' dir='ltr'>vid.</span> <span class='ocrx_word' id='word_1_215' title='bbox 1099 2278 1222 2331; x_wconf 82' lang='lat' dir='ltr'>strig.</span> <span class='ocrx_word' id='word_1_216' title='bbox 1254 2277 1376 2319; x_wconf 76' lang='lat' dir='ltr'>exhi-</span> 
     </span>
     <span class='ocr_line' id='line_1_31' title="bbox 45 2331 1375 2395; baseline 0.008 -16"><span class='ocrx_word' id='word_1_217' title='bbox 45 2340 119 2380; x_wconf 88' lang='lat' dir='ltr'>bet</span> <span class='ocrx_word' id='word_1_218' title='bbox 144 2331 320 2381; x_wconf 86' lang='lat' dir='ltr'>Masson</span> <span class='ocrx_word' id='word_1_219' title='bbox 350 2343 399 2381; x_wconf 89' lang='lat' dir='ltr'>in</span> <span class='ocrx_word' id='word_1_220' title='bbox 429 2344 512 2382; x_wconf 84' lang='lat' dir='ltr'>vita</span> <span class='ocrx_word' id='word_1_221' title='bbox 541 2343 644 2383; x_wconf 93' lang='lat' dir='ltr'>Hor.</span> <span class='ocrx_word' id='word_1_222' title='bbox 675 2357 716 2395; x_wconf 89' lang='lat' dir='ltr'>p.</span> <span class='ocrx_word' id='word_1_223' title='bbox 745 2345 841 2386; x_wconf 86' lang='lat'><strong>368.</strong></span> <span class='ocrx_word' id='word_1_224' title='bbox 900 2343 1086 2392; x_wconf 87' lang='lat' dir='ltr'>Hinnio‚</span> <span class='ocrx_word' id='word_1_225' title='bbox 1118 2348 1186 2387; x_wconf 87' lang='lat' dir='ltr'>vel</span> <span class='ocrx_word' id='word_1_226' title='bbox 1211 2346 1375 2389; x_wconf 86' lang='lat' dir='ltr'>Ginnio</span> 
     </span>
     <span class='ocr_line' id='line_1_32' title="bbox 45 2402 1375 2466; baseline 0.005 -17"><span class='ocrx_word' id='word_1_227' title='bbox 45 2418 120 2451; x_wconf 83' lang='lat' dir='ltr'>aut</span> <span class='ocrx_word' id='word_1_228' title='bbox 141 2409 287 2452; x_wconf 84' lang='lat' dir='ltr'>Ginno</span> <span class='ocrx_word' id='word_1_229' title='bbox 317 2426 384 2452; x_wconf 80' lang='lat' dir='ltr'>me</span> <span class='ocrx_word' id='word_1_230' title='bbox 413 2415 501 2452; x_wconf 87' lang='lat' dir='ltr'>vid.</span> <span class='ocrx_word' id='word_1_231' title='bbox 517 2402 651 2466; x_wconf 43' lang='grc' dir='ltr'>ἐει-ῖς.</span> <span class='ocrx_word' id='word_1_232' title='bbox 674 2413 913 2453; x_wconf 83' lang='lat' dir='ltr'>coniecerat</span> <span class='ocrx_word' id='word_1_233' title='bbox 940 2414 1157 2456; x_wconf 78' lang='lat' dir='ltr'>Heinsius.</span> <span class='ocrx_word' id='word_1_234' title='bbox 1197 2414 1375 2456; x_wconf 77' lang='grc' dir='ltr'><strong><em>Γίννιον</em></strong></span> 
     </span>
     <span class='ocr_line' id='line_1_33' title="bbox 44 2470 1374 2543; baseline 0.007 -24"><span class='ocrx_word' id='word_1_235' title='bbox 44 2476 90 2528; x_wconf 78' lang='grc' dir='ltr'>(ι</span> <span class='ocrx_word' id='word_1_236' title='bbox 120 2477 287 2532; x_wconf 69' lang='grc' dir='ltr'>γένυος)</span> <span class='ocrx_word' id='word_1_237' title='bbox 327 2489 391 2522; x_wconf 81' lang='lat' dir='ltr'>est</span> <span class='ocrx_word' id='word_1_238' title='bbox 413 2481 559 2537; x_wconf 63' lang='lat' dir='ltr'>&#39;brevis</span> <span class='ocrx_word' id='word_1_239' title='bbox 588 2482 733 2523; x_wconf 82' lang='lat' dir='ltr'>mulus</span> <span class='ocrx_word' id='word_1_240' title='bbox 762 2490 836 2522; x_wconf 84' lang='lat' dir='ltr'>aut</span> <span class='ocrx_word' id='word_1_241' title='bbox 863 2470 1075 2537; x_wconf 78' lang='lat' dir='ltr'>mannus,</span> <span class='ocrx_word' id='word_1_242' title='bbox 1123 2488 1209 2527; x_wconf 81' lang='lat' dir='ltr'>sive</span> <span class='ocrx_word' id='word_1_243' title='bbox 1237 2498 1374 2543; x_wconf 68' lang='lat' dir='ltr'>equus</span> 
     </span>
     <span class='ocr_line' id='line_1_34' title="bbox 43 2550 949 2606; baseline 0.004 -16"><span class='ocrx_word' id='word_1_244' title='bbox 43 2551 259 2603; x_wconf 85' lang='lat' dir='ltr'>pumilus;</span> <span class='ocrx_word' id='word_1_245' title='bbox 290 2565 325 2593; x_wconf 86' lang='lat' dir='ltr'>v.</span> <span class='ocrx_word' id='word_1_246' title='bbox 355 2565 459 2606; x_wconf 89' lang='lat' dir='ltr'>quos</span> <span class='ocrx_word' id='word_1_247' title='bbox 490 2554 691 2594; x_wconf 84' lang='lat' dir='ltr'>excitavit</span> <span class='ocrx_word' id='word_1_248' title='bbox 713 2550 949 2594; x_wconf 84' lang='lat' dir='ltr'>Burmann.</span> 
     </span>
    </p>
   </div>
   <div class='ocr_carea' id='block_1_3' title="bbox 1787 0 1844 1659">
    <p class='ocr_par' dir='ltr' id='par_1_4' title="bbox 1787 0 1844 1659">
     <span class='ocr_line' id='line_1_35' title="bbox 1787 0 1844 1659; baseline 0 0"><span class='ocrx_word' id='word_1_249' title='bbox 1787 0 1844 1659; x_wconf 95' lang='lat' dir='ltr'> </span> 
     </span>
    </p>
   </div>
   <div class='ocr_carea' id='block_1_4' title="bbox 0 3174 1844 3211">
    <p class='ocr_par' dir='ltr' id='par_1_5' title="bbox 0 3174 1844 3211">
     <span class='ocr_line' id='line_1_36' title="bbox 0 3174 1844 3211; baseline 0 0"><span class='ocrx_word' id='word_1_250' title='bbox 0 3174 1844 3211; x_wconf 95' lang='lat' dir='ltr'> </span> 
     </span>
    </p>
   </div>
  </div>
 </body>
</html>
