1844 3211
509 234 1011 276 MAECENATIANA.
1383 223 1421 284 5

88 346 170 385 bus
199 347 520 398 imperitarent,
549 366 586 377 -·
614 359 719 387 naso
748 348 976 399 suspendis
1005 344 1171 387 adunco
1201 355 1278 387 etc.
1308 345 1418 387 ibid.

88 414 295 455 Wieland.
327 430 365 469 p.
383 419 482 460 ‘217
508 429 563 469 sq.
594 424 635 455 et
665 416 893 456 Heindorf.
925 416 1111 454 Martial.
1139 404 1228 453 1.'1.
1260 416 1419 454 Auctor

82 485 204 539 Eleg.
235 487 283 526 in
307 486 423 525 Obit.
447 485 642 526 Maecen.
667 491 732 530 13.
765 484 904 538 Regis
931 498 1030 525 eras
1058 496 1198 538 genus
1219 484 1412 525 Etrusci.

83 555 272 609 Propert.
303 557 329 595 1.
361 556 387 595 l.
428 553 569 596 Maec.
600 570 748 610 eques,
805 554 997 597 Etrusco
1023 555 1076 594 de
1103 554 1317 606 sanguine
1344 569 1413 595 re-

83 639 201 677 gum.
232 625 280 676 ⁴¹)
349 625 425 664 Isti
455 640 550 664 vero
581 627 635 664 ad
671 625 914 668 Cilnioram
945 634 1120 679 gentem
1149 626 1411 677 pertinuisse

84 693 308 744 videntur,
350 695 466 734 unde
493 694 826 735 nomen'c'ilnii
855 696 1096 735 Maecenati
1125 696 1322 735 inditum
1350 695 1410 734 le-

83 765 237 818 gimus.
319 766 459 819 (Lips.
492 767 663 818 Antiqq.
714 764 852 803 Lectt.
887 769 939 814 1,
968 769 1038 807 22.
1069 773 1111 803 et
1139 765 1189 803 ad
1219 764 1407 805 Tac.'A.

65 834 111 874 ’1.
131 833 170 874 ’1.
203 834 392 875 Turneb.
423 831 598 874 Advers.
632 838 698 879 18,
723 833 808 885 11.)
824 834 896 886 **)
955 834 1044 886 Qui
1074 832 1210 875 Cilnii
1239 836 1406 876 Etrusci

82 892 272 955 fuerunt,
304 914 347 945 et
375 905 549 957 quidem
578 900 796 945 Arretini.
828 902 936 955 (Liv.
970 908 1039 952 10,
1065 907 1104 947 3.
1133 904 1231 943 init.
1261 903 1403 945 Etru-

82 975 198 1015 riam
237 975 474 1021 rebellare,
526 975 580 1014 ab
610 971 922 1014 Arretinorum
959 974 1247 1025 seditionibus
1284 985 1405 1015 motu

81 1053 203 1090 orto,
228 1044 550 1093 nuntiabatur;
584 1044 659 1083 ubi
670 1039 879 1093 (Arretii)
894 1040 1089 1084 Cilnium
1115 1057 1254 1096 genus
1280 1059 1405 1097 prae-

78 1123 252 1166 potens,
283 1115 542 1153 divitiarum
569 1111 758 1157 invidia,
785 1111 891 1163 pelli
918 1112 1057 1150 armis
1084 1121 1293 1163 coeptum.
1325 1113 1400 1153 Sil.

77 1183 211 1223 Italic.
243 1186 292 1231 7,
322 1186 376 1228 29
406 1169 492 1236 sqq.
547 1178 741 1227 Canius,
791 1177 948 1222 Arreti
988 1178 1228 1234 Tyrrhenis
1277 1193 1402 1224 ortus

78 1256 124 1296 in
155 1254 264 1301 oris,
297 1251 481 1295 Clarum
510 1255 665 1292 nomen
695 1260 804 1291 erat.
859 1251 1051 1291 Macrob.
1084 1252 1255 1293 Saturn.
1285 1258 1326 1302 2,
1354 1258 1395 1299 4.

77 1337 205 1378 quem
234 1324 378 1363 locum
413 1338 446 1362 v.
476 1323 697 1374 integrum
726 1321 852 1360 infra.
910 1320 1115 1375 Souclzay
1133 1338 1170 1376 p.
1194 1329 1282 1375 82.)
1312 1326 1396 1364 Ro-

75 1408 176 1435 mae
204 1396 252 1434 in
280 1392 443 1434 tribum
463 1390 737 1443 Pomptinam
761 1389 888 1432 relati
916 1392 1130 1440 videntur,
1159 1395 1194 1433 si
1221 1394 1396 1446 quidem

75 1465 211 1505 fidem
241 1463 400 1504 habere
438 1463 633 1502 volumus
663 1462 936 1513 inscriptioni
964 1462 1078 1514 apud
1106 1462 1314 1503 Meibom.
1353 1478 1392 1517 p.

73 1539 143 1579 20.
183 1542 225 1574 et
263 1533 465 1573 Tou-ent.
504 1531 561 1575 ad
599 1530 747 1570 Ho'rat.
789 1529 929 1570 Carm.
973 1536 1011 1578 1,
1043 1536 1079 1576 1.
1119 1533 1218 1587 ***)
1297 1534 1399 1588 Quo¹

72 1611 267 1658 tempore
296 1604 482 1643 Romam
511 1602 818 1655 migraverint,
860 1614 950 1640 non
981 1611 1158 1642 constat.
1187 1627 1244 1636 -—

183 1664 358 1716 Nomen
380 1673 651 1715 Maecenatis
678 1673 725 1712 in
756 1670 954 1723 plurimis
985 1673 1211 1723 codicibus,
1240 1675 1392 1716 inscri-

71 1746 290 1800 ptionibus
330 1753 375 1784 et
409 1745 665 1795 scriptorum
694 1750 887 1782 veterum
917 1742 1202 1790 editionibus,
1253 1746 1392 1798 iisque

72 1819 271 1871 optimis,
304 1825 429 1870 atque
457 1816 504 1854 in
536 1814 647 1853 notis
678 1812 717 1852 T
721 1813 925 1853 ironianis
952 1810 1112 1865 (Kopp.
1142 1813 1395 1869 Palaeogra-'

70 1886 214 1942 graph.
245 1887 294 1925 V.
327 1891 363 1931 1.
394 1899 432 1938 p.
455 1884 587 1937 359.)
623 1881 856 1924 Maecenas
882 1884 1090 1935 scriptum
1121 1884 1309 1938 legitur;
1338 1889 1386 1927 in

69 1958 197 1998 malis
226 1956 484 2010 quibusdam
513 1954 699 2007 antiquis
731 1952 991 1993 editionibus
1025 1963 1067 1994 et
1084 1955 1384 2008 Inscriptioni-

10 2069 13 2072 ,
68 2028 148 2067 bus
178 2026 409 2068 Maecenas
449 2033 492 2064 et
520 2016 772 2074 Meco'enas5
822 2024 870 2062 in
901 2024 1070 2065 Graecis
1110 2028 1387 2081 scriptoribus
1462 2076 1467 2080 ¹

84 2172 145 2226 ⁵²⁰¹)
185 2172 367 2224 Propter
395 2170 695 2211 liberalitatem
723 2172 886 2223 regiam
907 2172 1206 2217 Maecenatem
1236 2193 1384 2232 regem

180 2229 356 2327 {1333
372 2242 468 2313 'esse
498 2230 731 2282 suspicatus
761 2237 825 2268 est
852 2229 962 2272 Diui
991 2246 1032 2286 p.
1064 2237 1103 2278 7.
1132 2238 1203 2281 44.
1236 2240 1290 2282 65
1323 2251 1383 2291 sq.

67 2368 140 2424 ¹⁸⁴¹)
185 2367 455 2418 Cilniorum,
487 2370 593 2422 sive.
616 2377 665 2408 ut
694 2369 895 2410 scribitur
926 2370 1191 2417 Ciliniorum
1222 2392 1384 2420 nomen

108 2475 110 2477 q
178 2425 297 2466 idem
337 2438 425 2464 esse
469 2427 578 2478 quod
608 2424 873 2468 Liciniorum
917 2434 1148 2484 suspicatus
1179 2444 1242 2474 est
1273 2429 1386 2477 Dz’ni

178 2494 217 2536 p.
247 2487 289 2528 2.
322 2482 376 2523 cf.
406 2496 445 2536 p.
478 2487 534 2526 67
562 2497 648 2539 sqq.

67 2551 422 2608 ***).Inscriptio
451 2553 557 2593 haec
588 2563 669 2593 est:
699 2553 1134 2598 LEIBERTORUM.
1157 2560 1242 2599 ET.
1275 2561 1382 2600 LEI·

178 2609 423 2651 BERTAR.
457 2610 504 2650 C.
545 2609 929 2654 MAECENATIS.
972 2615 1016 2655 L.
1049 2608 1092 2655 E.
1126 2617 1260 2657 POM.
1290 2618 1381 2656 PO-

179 2664 510 2721 ST'ERISQUE.
542 2666 762 2708 EORUM.
793 2669 879 2708 ET.
912 2672 1025 2721 QUI.
1057 2673 1147 2713 AD:
1178 2674 1251 2714 ID.
1284 2675 1384 2719 TU-r

92 2769 103 2774 ,
179 2724 406 2768 ENDUM.
440 2724 890 2768 CONTULERUNT.
924 2727 1354 2773 CONTULERINT.
