1844 3211
468 278 967 318 MAECENATIANA.
1312 264 1385 323 11

66 392 120 443 (v.
147 390 261 442 Lipe.
295 388 353 426 ad
382 402 482 429 eum
512 389 562 439 1.)
604 389 794 428 Velleius
819 391 847 430 1.
881 391 935 430 1.:
967 386 1096 430 Dum
1126 390 1390 428 ultimam

64 462 213 503 be'llo
241 455 479 501 Actiaco
506 457 895 512 Alexandriaeque
911 457 1076 500 Caesar
1092 458 1272 508 imponit
1297 470 1390 496 ma-

64 541 168 569 num
200 536 306 574 etc„
351 538 455 567 tunc
483 529 846 569 urbis-custodiis
885 529 1157 580 praepositus
1186 525 1233 566 C.
1264 524 1391 566 Mae-

63 614 152 640 cen.
183 608 262 639 etc.
300 599 462 639 Seneca
493 598 621 653 Epist.
653 602 771 643 114:
807 597 920 639 Nam
949 600 1080 639 etiam
1107 610 1203 638 cum
1234 595 1388 635 absen-

64 671 122 710 tis
150 671 351 721 partibus
378 667 584 710 Caesaris
598 670 891 724 fungeretur,
920 670 1093 721 signum
1124 682 1151 706 a
1180 665 1390 705 discincto

59 740 313 793 petebatur-3
363 747 426 778 et:
456 738 592 779 Hunc
620 751 727 784 esse,
769 739 861 784 cui,
905 751 1004 777 cum
1032 737 1220 776 maxime
1248 733 1389 774 civili·

62 810 141 848 bus
169 809 291 848 bellis
319 810 638 859 strepentibus,
685 816 727 846 et
756 808 938 846 sollicita
969 807 1075 845 urbe
1112 816 1153 846 et
1197 814 1388 853 armata,

61 872 386 924 comitatuffihic
401 878 553 934 fuerit
583 878 627 916 in
657 876 860 928 publico?
916 873 1018 912 Add.
1051 874 1155 912 Hor.
1188 875 1385 920 Carm.3‚

60 951 129 995 29,
160 953 218 992 25
247 961 305 999 sq.
357 945 445 992 Tu,
475 948 698 985 civitatem
728 946 825 997 quis
854 945 1004 985 deceat
1031 956 1195 991 status,
1231 943 1390 992 Caras,

0 1028 1 1031 ’
61 1026 105 1058 et
134 1017 236 1056 urbi
262 1016 472 1056 sollicitus
502 1016 637 1055 times.
694 1018 744 1059 3,
767 1018 825 1058 -8,
858 1017 922 1058 16.
953 1014 1089 1056 Mitte
1125 1016 1272 1055 civiles
1317 1027 1388 1053 su-

58 1099 141 1138 per
162 1087 269 1126 urbe
291 1098 437 1125 curas.
471 1086 607 1124 Serm.
632 1090 674 1131 2,
692 1088 730 1131 6,
744 1089 810 1129 38.
823 1085 926 1137 ibiq.
947 1086 1102 1125 Heind.
1124 1087 1246 1125 Auct.
1273 1084 1389 1137 Eleg.

59 1156 128 1198 27.
158 1150 254 1193 Aut
283 1155 427 1193 minus
456 1154 580 1193 urbis
603 1163 703 1193 erat
732 1162 884 1199 custo-5,
912 1158 965 1193 et?
979 1153 1180 1195 Caesaris
1211 1155 1388 1205 hospes?

61 1224 181 1265 Num
212 1225 293 1265 tibi
321 1240 407 1265 non
439 1233 558 1264 tutas
572 1224 689 1279 jecit
717 1224 762 1262 in
793 1224 899 1263 urhe
927 1225 1058 1264 vias?
1104 1224 1241 1277 Tacit.
1274 1228 1388 1264 Ann-

64 1298 137 1344 14,
170 1299 236 1339 55.
269 1309 302 1335 v.
333 1295 469 1347 mox.)
538 1293 601 1332 Ex
631 1292 699 1331 his
730 1293 834 1331 locis
867 1301 1012 1345 patet,
1041 1302 1083 1333 et
1113 1303 1214 1334 ante
1243 1295 1390 1347 Augu·

61 1365 115 1404 sti
153 1366 386 1416 imperium
427 1374 470 1403 et
507 1365 748 1415 imperante
778 1364 972 1417 Augusto
1016 1378 1079 1404 res
1120 1367 1386 1419 gravissimae

62 1433 227 1473 Romae
256 1434 552 1473 Maecenatem
583 1432 823 1484 perfecisse.
895 1434 1250 1476 Coniurationem
1280 1437 1386 1476 adeo

61 1503 214 1555 Lepidi
242 1504 295 1542 ab
320 1518 369 1543 eo
391 1516 634 1555 oppressam
657 1502 786 1549 vides,
816 1502 997 1542 absente
1012 1506 1221 1558 Augusto.
1254 1505 1386 1557 (vell.

60 1573 89 1612 1.
118 1573 147 1612 1.
177 1572 241 1613 M.
261 1570 469 1624 Lepidm,
503 1572 671 1611 iuvenis
686 1571 854 1626 forma,
886 1586 1017 1624 quam
1046 1585 1190 1615 mente
1222 1576 1388 1623 melior,

62 1640 224 1696 Lepidi
263 1644 378 1687 eius,
425 1643 501 1694 qui
532 1637 760 1681 Triumvir
775 1640 942 1694 fuerat
982 1644 1089 1696 reip.
1127 1645 1389 1684 constituen-

63 1714 161 1761 dae,
179 1712 327 1766 filius,
359 1708 505 1755 Iunia,
532 1707 676 1748 Bruti
703 1721 861 1754 sorore,
894 1722 1052 1759 natus,
1083 1715 1388 1769 interficiendi,

61 1783 192 1822 simul
221 1781 267 1820 in
299 1781 449 1820 urbem
482 1780 759 1827 revertisset,
800 1777 1018 1833 ,Caesaris
1051 1785 1277 1824 consilium
1307 1783 1390 1823 ini-

63 1861 176 1895 erat.
207 1871 245 1880 --
285 1848 424 1890 Maec.
455 1850 701 1901 speculatus
729 1857 794 1887 est
831 1863 909 1901 per
952 1863 1167 1892 summam
1198 1853 1385 1905 quietem

63 1934 115 1963 ac
153 1920 543 1961 dissimulationem
583 1918 833 1968 praecipitis
875 1920 1054 1959 consilia
1092 1923 1288 1970 iuvenis,
1344 1930 1389 1962 et

63 1989 181 2031 mira
210 1989 459 2033 celeritate,
489 1986 696 2037 nullaque
724 1999 821 2024 cum
850 1989 1182 2036 perturbatione
1209 2000 1289 2032 auc
1319 2004 1386 2033 re·

65 2073 166 2101 rum
195 2060 275 2100 aut
303 2058 522 2095 hominum
554 2066 755 2105 oppresso
784 2050 965 2105 Lepido,
997 2058 1187 2101 immane
1216 2063 1318 2101 novi
1339 2076 1390 2103 ac

64 2126 363 2169 resurrecturi
402 2125 503 2167 belli
539 2123 681 2163 civilis
719 2123 927 2164 restinxit
965 2128 1155 2169 initium.
1218 2130 1285 2173 Et
1316 2134 1390 2173 ille

63 2197 237 2251 quidem
270 2197 379 2236 male
408 2193 699 2233 consultorum
722 2200 885 2241 ‘poenas
914 2198 1111 2236 exsolvit.
1156 2200 1208 2239 cf.
1241 2201 1388 2241 Senec.

66 2266 121 2307 de
151 2265 305 2305 Brevit.
339 2266 421 2304 Vit.
450 2268 486 2307 5.
528 2262 579 2300 de
611 2260 825 2299 Clement·
859 2265 904 2306 1,
938 2265 1016 2317 9.).
1087 2269 1232 2320 Quum
1266 2272 1391 2312 Octa-

64 2337 212 2377 vianus
242 2335 423 2376 Romam
454 2334 593 2373 redux
624 2345 667 2370 se
697 2331 1014 2383 rempublicam
1044 2342 1272 2381 restituere
1304 2342 1389 2381 vel-

63 2408 106 2448 le
136 2407 380 2453 simularet,
428 2405 626 2447 dissuasit
662 2403 863 2455 inprimis
896 2404 1150 2461 Maecenas;
1201 2412 1388 2464 pruden-

65 2479 232 2523 tissime
262 2489 428 2531 prorsus
461 2475 669 2523 consilio,
700 2474 811 2526 quod
847 2474 1026 2517 ulterius
1056 2493 1271 2533 exponere
1302 2495 1390 2522 non

66 2549 198 2590 huius
237 2558 299 2589 est
336 2549 433 2587 loci.
486 2547 542 2598 (v.
574 2546 750 2585 Sueton.
783 2546 890 2597 Aug.
921 2548 991 2587 vit.
1020 2552 1088 2594 28.
1152 2551 1300 2592 Senec.
1337 2552 1390 2592 de

65 2619 187 2661 Bsse‘v.
215 2622 285 2661 vit.
321 2624 360 2664 5.
390 2618 553 2659 Donati
581 2618 650 2656 vit.
680 2613 829 2667 virgil.
857 2613 972 2664 XIX,
1001 2622 1070 2663 78.
1102 2619 1233 2660 Dion.
1257 2625 1327 2669 59,
1353 2626 1389 2671 1.

70 2694 125 2736 14
153 2705 265 2746 sqq.;
303 2691 356 2731 de
397 2689 590 2729 oratione
619 2700 643 2726 a
673 2685 926 2726 Maecenate
967 2684 1119 2728 habita
1160 2703 1194 2727 v.
1225 2690 1386 2742 infra.).

71 2761 205 2804 Suum
236 2763 366 2818 etiam
397 2758 673 2810 commodum
698 2757 746 2799 in
775 2768 826 2797 ea
852 2767 900 2795 re
929 2764 1139 2810 spectasse
1162 2758 1390 2801 Maecena-
