1844 3211
450 258 529 318 Μ
861 241 1365 310 ΜΑΕὸΕΝΑΤΙΑΝΑ.

752 502 797 566 §.
829 514 877 562 2.
946 506 1250 555 Maecenatis
1283 522 1457 555 mores.

554 659 620 699 De
650 657 924 706 hominibus,
955 671 1057 711 quos
1087 659 1178 711 ipse
1208 671 1347 711 neque
1378 672 1431 698 ex
1459 660 1534 708 iis,
1567 671 1674 713 quae
1703 657 1769 699 di-

438 739 597 770 xerunt
626 739 753 783 atque
782 730 1008 779 fecerunt,
1067 742 1205 782 neque
1236 742 1289 768 ex
1320 728 1506 769 aliorum
1537 743 1612 769 ore
1641 738 1768 782 atque

436 801 602 852 scriptis
634 801 765 852 plane
797 801 987 853 cognitos
1016 799 1173 846 habes,
1217 808 1333 839 recte
1364 801 1544 839 omnino
1572 801 1766 840 iudicare

432 868 746 910 difficillimum
778 884 867 910 esse
898 884 988 910 non
1018 870 1179 910 infitias
1209 869 1306 910 ibis.
1365 870 1459 910 Hoc
1485 863 1687 923 inprimis
1715 871 1765 910 in
1814 870 1818 875 “

431 940 557 987 viris,
605 942 653 981 in
682 955 841 995 magno
871 942 1072 981 fortunae
1102 940 1271 994 fastigio
1300 942 1450 993 positis
1479 940 1556 989 fit;
1607 941 1763 994 quibus

434 1010 501 1049 vel
532 1012 643 1050 iusto
674 1012 817 1064 plures
849 1021 948 1057 sunt
978 1013 1121 1059 amici,
1153 1012 1219 1052 vel
1246 1013 1385 1064 potius
1412 1012 1516 1051 tales
1546 1011 1763 1057 homines,

428 1082 502 1132 qui
531 1083 775 1120 amicorum
805 1095 970 1121 nomen
1000 1089 1210 1133 usurpant
1239 1089 1367 1134 atque
1399 1081 1665 1133 profitentur,
1696 1079 1764 1119 vel
1817 1089 1819 1093 ’

428 1150 534 1188 adeo
566 1153 696 1190 etiam
737 1152 932 1197 inimici,
986 1152 1036 1191 in
1075 1150 1281 1190 omnibus
1312 1152 1438 1191 rebus
1472 1153 1537 1191 vel
1566 1152 1761 1192 invidiae

427 1233 553 1259 causa
585 1234 763 1274 magnos
796 1221 997 1260 homines
1022 1222 1282 1260 incusantes.
1335 1222 1453 1261 Hinc
1471 1223 1606 1275 igitur
1628 1222 1762 1261 etiam

424 1288 587 1328 factum
622 1299 706 1335 est,
759 1299 806 1329 ut
835 1291 886 1330 de
917 1290 1181 1330 Maecenatis
1223 1291 1417 1331 moribus
1449 1301 1580 1344 atque
1607 1291 1759 1332 indole

423 1366 466 1397 et
492 1360 569 1410 qui
599 1359 704 1399 olim
736 1363 938 1400 vixerunt
966 1373 1016 1399 ac
1042 1362 1304 1413 scripserunt
1334 1370 1377 1400 et
1406 1363 1479 1414 qui
1508 1362 1759 1401 recentiori-

421 1426 499 1467 bus
519 1431 790 1482 temporibus
813 1438 1121 1483 exposuerunt,
1153 1431 1227 1470 alii
1248 1431 1374 1470 aliter
1397 1433 1622 1472 sentirent.
1662 1431 1757 1471 Iam

419 1498 624 1551 equidem
664 1508 854 1539 veterum
885 1502 1139 1552 scriptorum
1170 1500 1311 1549 locos,
1354 1501 1442 1541 huc
1472 1503 1754 1555 pertinentes,

419 1569 621 1622 deinceps
650 1571 924 1623 apponendos
958 1584 1049 1609 esse
1078 1573 1245 1617 censui,
1274 1579 1323 1609 ut
1352 1572 1455 1611 inde
1486 1573 1560 1623 qui
1589 1573 1755 1611 fuerint

417 1640 685 1681 Maecenatis
725 1654 867 1680 mores
915 1641 1007 1680 fere
1058 1639 1213 1679 habeas
1255 1650 1539 1694 perspectum.
1617 1641 1753 1680 Plane

412 1709 522 1750 haec
552 1713 728 1764 quidem
760 1726 825 1751 res
853 1713 900 1751 in
929 1713 1068 1763 aprico
1100 1724 1324 1762 nunquam
1365 1712 1473 1760 erit,
1524 1712 1610 1751 nisi
1637 1710 1752 1750 forte

413 1780 632 1829 omnibus,
664 1794 775 1835 quae
805 1792 903 1820 cum
936 1781 1112 1833 poetae,
1142 1788 1236 1820 tum
1267 1780 1439 1833 reliqui,
1469 1793 1493 1819 a
1520 1780 1683 1820 Seneca
1713 1780 1750 1821 si

412 1850 678 1899 discesseris,
711 1853 1008 1905 protulerunt,
1049 1863 1219 1890 coecam
1248 1849 1382 1890 fidem
1412 1850 1573 1889 habere
1604 1850 1748 1889 volue-

410 1922 492 1967 ris,
544 1935 627 1973 quo
652 1935 772 1961 sane
812 1923 937 1961 modo
979 1934 1069 1959 non
1110 1921 1328 1968 sinistram
1360 1919 1412 1958 de
1441 1919 1623 1974 homine
1652 1932 1746 1958 sen-

408 1991 594 2030 tentiam
635 1991 759 2031 seres.
790 2014 846 2022 -—
923 1991 982 2031 Ut
1022 1992 1158 2044 igitur
1198 1991 1250 2029 de
1290 1991 1471 2044 singulis
1516 1990 1746 2031 virtutibus

406 2061 602 2113 primum
633 2062 785 2107 dicam,
817 2075 885 2101 eas
913 2061 1025 2100 nihil
1047 2062 1169 2113 pensi
1192 2060 1343 2107 habeo,
1378 2075 1477 2113 quas
1507 2063 1600 2113 ipse
1624 2061 1745 2099 Mae-

408 2143 535 2169 cenas
566 2132 842 2171 commendat
886 2132 933 2170 in
983 2134 1174 2169 oratione
1214 2132 1328 2183 apud
1358 2132 1574 2177 Dionem,
1615 2133 1743 2189 quarn

403 2211 528 2251 cupra
559 2200 645 2238 iam
678 2201 937 2250 memoravi3
973 2200 1131 2251 quippe
1163 2201 1336 2241 virtutes
1366 2201 1490 2241 facile
1522 2215 1743 2242 commen-

403 2269 505 2308 dare
539 2278 729 2322 poterat,
773 2270 928 2323 quibus
959 2269 1050 2320 ipse
1079 2269 1261 2308 carebat.
1331 2270 1480 2310 Laudo
1511 2272 1559 2310 in
1590 2273 1740 2325 primis

401 2338 709 2378 liberalitatem
748 2339 950 2378 omnibus
989 2345 1137 2376 notam
1183 2335 1243 2387 (v.
1274 2339 1418 2389 infr.);
1467 2341 1739 2387 modestiam,

402 2408 546 2461 (Auct.
580 2410 698 2463 Eleg.
723 2420 765 2449 ν.
795 2413 866 2454 31.
916 2407 1069 2448 Maius
1098 2416 1199 2448 erat
1227 2410 1418 2459 potuisse
1446 2418 1618 2455 tamen,
1656 2423 1738 2450 nec

398 2482 510 2520 velle
534 2482 794 2533 triumpho&
825 2477 977 2519 Maior
1007 2491 1091 2524 res,
1124 2478 1298 2529 magnis
1328 2478 1603 2527 abstinuisse,
1621 2478 1736 2533 fuit.

397 2551 500 2590 Hor.
535 2551 671 2589 Serm.
705 2555 741 2592 1.
774 2553 826 2594 6,
856 2549 953 2587 init.
978 2556 1027 2586 >et
1056 2548 1213 2586 Acron.
1246 2547 1298 2585 ad
1328 2561 1365 2586 v.
1398 2552 1466 2592 98.
1499 2559 1568 2599 ap.
1600 2548 1736 2588 Hein-

398 2621 503 2661 dorf.
537 2621 637 2660 Tac.
660 2624 700 2667 3,
725 2623 795 2663 30.
826 2620 996 2670 „Atque
1025 2617 1103 2658 ille
1131 2616 1326 2669 (Crispus
1359 2615 1550 2667 Sallust.)
1581 2631 1732 2670 quam·

397 2705 525 2743 quam
559 2697 733 2741 promto
764 2688 815 2727 ad
846 2688 1121 2740 capessendos
1153 2686 1338 2724 honores
1370 2687 1519 2734 aditu,
1561 2687 1734 2727 Maece-

394 2769 549 2801 natem
578 2758 830 2806 aemulatus,
862 2758 955 2797 sine
984 2756 1194 2811 dignitate
1222 2756 1434 2797 senatoria
1462 2757 1623 2799 multos
1653 2760 1730 2800 tri·
