1844 3211
537 659 861 747 Caput
953 660 1003 725 L

0 848 52 895 ἢ
112 787 196 846 De
215 790 284 846 iis
298 826 315 858 ‚
354 792 448 868 qui
468 787 533 845 de
547 788 859 846 Maecenate
883 783 1053 845 adhuc
1078 792 1426 866 scripserunt.

659 953 881 961 ---——

109 1088 349 1177 Veterum
399 1132 659 1187 scriptorum
707 1129 855 1171 nullus
895 1126 1163 1172 Maecenatis
1205 1133 1336 1174 vitam
1375 1145 1431 1174 ex

106 1206 317 1258 professo,
359 1214 410 1246 ut
445 1208 507 1246 ita
536 1206 700 1253 dicam,
742 1205 987 1258 exposuisse
1027 1206 1206 1246 videtur.
1265 1205 1432 1246 Passim

108 1275 305 1326 quidem,
357 1276 578 1315 occasione
608 1274 774 1323 oblata,
828 1275 916 1315 fata
945 1276 1024 1315 viri
1049 1284 1183 1328 atque
1211 1288 1356 1316 mores
1385 1282 1432 1315 et

106 1346 259 1399 scripta
287 1348 508 1399 utriusque
535 1345 715 1398 linguae
744 1332 972 1396 scriptores
1001 1344 1251 1397 attigerunt,
1282 1353 1330 1384 ut
1356 1345 1430 1384 in·

104 1424 173 1455 ter
204 1416 390 1456 Graecos
420 1416 506 1455 Dio
535 1415 718 1459 Cassius,
744 1408 982 1465 Appianus,
1010 1412 1283 1461 Plutarchus,
1314 1415 1430 1454 inter

102 1484 324 1540 Romanos
353 1484 544 1524 Velleius
566 1480 827 1528 Paterculus,
859 1481 1047 1528 Tacitus,
1080 1482 1255 1528 Seneca,
1288 1484 1431 1536 Quin-

103 1555 306 1605 tilianus,
355 1556 433 1595 alii
461 1553 525 1596 *Ἃ
594 1550 865 1592 Recentioris
903 1552 998 1591 aevi
1028 1553 1254 1604 scriptores
1292 1555 1432 1606 pluri-

103 1627 171 1667 mi
196 1625 280 1666 hoc
310 1638 414 1678 opus
444 1622 631 1677 aggressi
659 1629 769 1660 sunt.
794 1643 850 1651 —
873 1620 1060 1668 Primus,
1096 1623 1171 1673 qui
1201 1621 1431 1663 Maecena-

103 1698 159 1737 tis
189 1698 320 1737 vitam
352 1696 535 1748 scripsit,
564 1694 694 1733 fuisse
726 1691 894 1732 videtur
923 1691 1049 1734 Ioan.
1079 1687 1210 1732 Paul.
1241 1690 1432 1747 Mat-tyr·

130 1840 175 1892 *)
215 1841 339 1879 Duae
390 1840 522 1878 etiarn
567 1844 733 1882 exstant
782 1836 966 1890 elegiae3
1025 1837 1160 1877 altera
1204 1839 1429 1884 inobitum

216 1894 494 1939 Maecenatis,
524 1893 656 1942 altera
685 1895 731 1933 in
757 1892 1075 1942 Maecenatem,
1108 1908 1234 1947 quam
1265 1907 1427 1940 utram-

212 1966 292 2006 que
322 1952 387 1992 vel
418 1952 464 1991 C.
488 1947 657 1989 Pedoni
672 1949 938 1988 Albinovano
969 1949 1034 1988 vel
1064 1953 1230 1990 incerto
1250 1954 1429 1997 Auctori

216 2010 432 2059 tribuunt.
476 2007 687 2046 Videntur
708 2019 808 2044 sane
830 2018 919 2044 esse
939 2019 1027 2046 non
1050 2010 1280 2059 genuinae,
1314 2013 1431 2063 quod

216 2075 260 2106 et
285 2068 520 2107 orationem
542 2072 584 2102 et
604 2064 837 2101 sententias
867 2063 1091 2102 ostendere
1114 2066 1431 2109 intellexerunt

216 2125 304 2163 VV.
335 2122 430 2163 DD.
462 2136 498 2160 v.
529 2120 764 2159 Burmann.
794 2117 970 2159 Anthol.
1002 2120 1092 2159 Lat.
1124 2122 1171 2159 V.
1207 2127 1243 2167 1.
1275 2139 1314 2177 p.
1346 2130 1429 2171 151

215 2195 295 2234 sqq.
355 2177 617 2220 Wernsdorf.
659 2176 775 2215 Poet.
808 2176 899 2216 Lat.
931 2176 1090 2217 Minor.
1121 2178 1171 2218 T.
1204 2184 1241 2224 3.
1274 2196 1315 2235 p.
1347 2186 1429 2228 155

0 2239 40 2293 j(
218 2252 304 2290 sqq.
350 2235 534 2276 Masson.
563 2235 648 2274 Vit.
668 2232 773 2273 Hor.
805 2247 843 2286 p.
873 2237 956 2278 143
977 2249 1062 2289 sqq.
1114 2235 1321 2279 Ponimus
1351 2241 1430 2293 igi-

214 2304 296 2341 tur,
327 2306 394 2332 eas
424 2308 448 2333 a
470 2294 619 2333 seriori
649 2291 835 2343 quodam
864 2290 993 2344 poeta
1020 2297 1296 2344 compositas3
1325 2296 1431 2336 hinc

216 2354 270 2391 ad
299 2364 424 2390 usum
457 2362 651 2390 nostrum
682 2356 803 2388 caute
822 2355 994 2389 tantum
1023 2350 1220 2391 adhib-eri
1243 2362 1429 2404 possunt.

218 2408 435 2461 Quaedam
475 2410 522 2446 in
564 2407 698 2459 priori
738 2406 872 2457 elegia
908 2420 1132 2446 occurrere
1173 2409 1367 2449 desumta
1405 2424 1430 2451 e

216 2465 531 2506 commentario
564 2462 781 2503 cuiusdam
810 2461 943 2502 Lollii
988 2464 1040 2502 de
1072 2463 1321 2504 Maecenate
1360 2479 1428 2505 su-

216 2527 401 2576 spicatus
443 2530 507 2561 est
545 2519 763 2572 Ruhkopf.
805 2519 860 2558 ad
892 2518 1044 2561 Senec.
1087 2521 1218 2574 Epist.
1263 2526 1358 2569 114,
1388 2525 1428 2567 4.

215 2579 277 2619 Eo
307 2582 429 2620 enim
460 2592 503 2617 se
532 2576 691 2617 referre
721 2590 759 2615 v-
792 2580 952 2620 10-11:
989 2578 1077 2618 Nec
1105 2579 1224 2626 mihi,
1254 2578 1428 2620 Maece-

212 2651 314 2685 nas,
349 2648 489 2679 tecum
507 2635 611 2692 fuit
641 2647 745 2675 usus
774 2634 926 2682 amici3
966 2631 1194 2676 Lollius
1223 2636 1429 2689 hoc'ergo

182 2695 611 2755 ‘conciliavigopstsz
670 2706 703 2730 v.
735 2691 1003 2732 Wernsdorf.
1033 2692 1087 2730 ad
1117 2692 1160 2730 h.
1194 2706 1228 2730 v.

1136 2783 1162 2828 1
