1844 3211
473 229 977 270 MAECENATIAN-A.
1115 212 1118 215 ’
1312 220 1388 279 19

63 343 178 396 gitur
215 343 549 381 commentatio.-
610 341 674 383 Ob
712 343 926 385 Mc'icenas
961 343 1032 383 ein
1077 341 1389 386 Trunkenbold

59 421 249 466 geme-een
266 407 308 461 2)
336 411 610 453 Adulterium
630 412 780 453 fecisse
810 413 979 453 dicitur.
1002 412 1242 466 (Plutarch.
1261 413 1386 463 Ἐρω-

58 494 147 519 τικ.
189 495 224 520 c.
255 485 321 526 16.
362 482 412 521 V.
441 485 480 528 4.
529 498 569 537 p.
612 488 709 529 488.
760 485 825 525 ed.
866 483 1046 524 Stereot.
1087 480 1265 520 Πολλοὶ
1299 479 1387 536 γὰρ

60 547 336 605 ἀφροδισίων
367 548 531 606 ἑτέροις
556 548 872 604 ἐκοινώνησαν,
924 553 976 592 οὐ
1009 550 1147 606 μόνον
1175 549 1388 606 ἑταίραις,

59 617 183 682 ἀλλὰ
212 619 289 658 καὶ
319 620 518 675 γαμετὰς
538 622 944 679 προαγωγεύοντες·
973 621 1122 679 (ὅσπερ
1147 621 1222 661 καὶ
1250 621 1273 660 ὁ
1297 621 1389 660 Ῥω.

60 695 193 744 μαῖος
223 689 403 740 ἐκεῖνος,
441 692 642 745 Κάλβας,
675 691 828 733 εἱστία
858 691 1115 741 Μαικήναν,
1144 694 1201 740 ὡς
1231 688 1390 738 ἔοικεν,

58 758 160 800 εἶτα
197 761 310 817 ὁρῶν
351 760 784 815 διαπληκτιζόμενον
813 760 907 800 ἀπὸ
936 760 1165 814 νευμάτων
1193 759 1302 818 πρὸς
1329 758 1386 800 τὸ

56 829 253 883 γύναιον,
286 830 526 871 ἀπέκλινεν
555 831 700 884 ἡσυχῇ
730 827 940 881 κεφαλὴν,
972 831 1030 877 ὡς
1060 828 1109 877 δὴ
1140 830 1385 871 καθεύδων·

57 899 103 941 ἓν
133 900 282 954 τούτῳ
314 900 359 941 δὲ
389 903 479 940 τῶν
519 901 703 940 οἰκετῶν
730 913 854 947 τινος
892 897 1189 955 προσρυέντος
1227 896 1389 947 ἔξωθεν

54 973 113 1024 τῇ
144 967 372 1025 τραπέζῃ,
426 967 503 1008 καὶ
532 966 615 1007 τὸν
645 967 770 1014 οἶνον
798 967 1158 1022 ὑφαιρουμένου,
1217 967 1390 1019 διαβλέ-

56 1042 171 1092 ψας·
199 1036 505 1093 Κακόδαιμον,
539 1037 680 1087 εἶπεν,
712 1039 790 1079 οὐκ
821 1037 976 1086 οἶσθα,
1007 1035 1083 1078 ὅτι
1113 1037 1234 1092 μόνῳ
1269 1040 1389 1078 Μαι-

56 1108 164 1162 κήνᾳ
196 1108 424 1159 καθεύδω,
465 1110 535 1160 (cf.
568 1109 701 1149 Cicer.
731 1109 866 1162 Epist.
896 1110 951 1149 ad
981 1109 1077 1149 Div.
1110 1113 1153 1157 7,
1182 1114 1250 1154 24.
1281 1111 1387 1163 ibiq.

57 1180 257 1220 Wieland
284 1180 378 1220 Vol.
411 1185 447 1225 5.
478 1194 515 1232 p.
547 1180 665 1232 538.)
721 1179 806 1218 Dio
836 1188 983 1219 tamen
1014 1182 1081 1226 54,
1113 1183 1201 1223 30:
1247 1181 1390 1227 κακῶς

57 1247 112 1288 τέ
140 1263 254 1289 ποτε
290 1253 374 1288 τοῦ
402 1246 673 1295 Ἀπουληίου
703 1247 780 1287 καὶ
808 1251 892 1286 τοῦ
922 1246 1153 1294 Μαικήνου
1183 1246 1227 1287 ἐν
1269 1245 1387 1287 δικα-

59 1316 222 1372 στηρίῳ
251 1317 343 1358 τινὶ
370 1316 597 1373 μοιχείας,
645 1317 729 1372 οὐχ
759 1315 836 1356 ὅτι
876 1333 926 1356 τι
953 1317 1027 1356 καὶ
1058 1316 1191 1356 αὐτοὶ
1221 1315 1389 1370 ὑβρίκε-

60 1402 168 1437 σαν,
216 1389 325 1427 ἀλλ’
355 1386 432 1427 ὅτι
460 1390 525 1440 τῷ
555 1385 789 1439 κρινομένῳ
822 1387 998 1440 σπουδῇ
1030 1383 1299 1440 συνῄροντο·
1339 1386 1388 1426 ἀ-

57 1454 301 1504 κουόντων,
340 1455 454 1501 ἦλθέ
478 1471 529 1494 τε
560 1455 607 1506 (ὁ
637 1452 920 1505 Αὔγουστος)
952 1455 991 1502 ἐς
1020 1453 1075 1493 τὸ
1104 1455 1390 1513 δικαστήριον

57 1539 94 1565 κ.
127 1541 167 1564 τ.
199 1526 258 1577 λ.)
323 1526 434 1565 Cum
464 1525 574 1564 Iulia
605 1526 786 1576 Augusti
818 1538 921 1577 eum
959 1538 1052 1565 rem
1082 1525 1287 1567 habuisse
1323 1542 1391 1568 su-

59 1597 213 1649 spicati
242 1604 352 1634 sunt.
411 1594 638 1646 (Meibom.
670 1608 711 1646 p.
747 1598 841 1637 130.
876 1595 990 1643 140.)
1020 1596 1214 1652 ΒειιΙῘιΥῙΙὶ
1244 1610 1392 1638 amore

60 1674 206 1715 captus
251 1666 401 1703 fertur.
451 1663 558 1713 (Dio
591 1668 668 1710 54,
705 1667 771 1707 17.
806 1664 881 1703 fin.
922 1663 970 1703 ‘O
1002 1664 1211 1713 Πυλάδης
1251 1666 1394 1709 ἐπιση-

59 1731 259 1788 μώμενος
303 1735 387 1772 ὑπ’
414 1731 711 1786 Αὐγούστου,
754 1731 849 1771 ἐπεὶ
893 1732 1116 1786 Βαθύλλω
1158 1735 1390 1791 ὁμοτέχνῳ

58 1801 111 1842 τέ
135 1805 176 1844 οἱ
211 1801 337 1854 ὄντι,
368 1803 446 1843 καὶ
473 1806 538 1856 τῷ
569 1800 779 1855 Μαικήνᾳ
810 1799 1101 1856 προσήκοντι,
1133 1802 1395 1846 διεστασία-

61 1872 160 1922 ξεν,
192 1874 334 1913 εἰπεῖν
367 1872 552 1925 λέγεται
580 1875 618 1912 κ’.
641 1887 682 1910 τ.
706 1872 746 1909 λ.
777 1871 914 1910 Tacit.
946 1872 1056 1910 Ann.
1081 1877 1121 1920 1,
1145 1877 1211 1916 54.
1242 1871 1395 1915 Ludos

59 1939 330 1995 Augustales
371 1954 474 1989 tunc
503 1944 695 1994 primum
725 1952 889 1990 coeptos
930 1942 1127 1981 turbavit
1156 1940 1394 1992 discordia,

58 2025 115 2053 ex
141 2014 381 2054 certamine
409 2013 688 2052 histrionum.
747 2010 1003 2050 Indulserat
1032 2011 1074 2048 ei
1102 2011 1272 2049 ludicro
1301 2009 1398 2051 Λα-

61 2093 242 2136 gustus,
299 2086 403 2123 dum
432 2081 686 2123 Maecenati
723 2082 990 2130 obtemperat
1019 2078 1158 2133 effuso
1201 2082 1247 2122 in
1278 2097 1396 2125 amo-

64 2166 158 2193 rem
186 2150 407 2205 Bathylli.
440 2153 492 2191 cf.
519 2152 634 2205 Lips.
664 2151 715 2189 ad
750 2151 789 2190 h.
815 2151 859 2196 l.)
916 2151 1140 2189 Incessum
1171 2152 1292 2199 adeo,
1323 2152 1398 2192 ha·
1427 2143 1431 2147 ’

63 2222 204 2262 bitum
247 2223 497 2274 cultumque
541 2222 695 2262 acerbe
726 2222 985 2272 vituperant.
1042 2219 1396 2275 (Sena-Epist.

65 2292 161 2336 114.
219 2289 444 2345 Quomodo
476 2291 713 2333 Maecenas
742 2291 931 2336 vixerit,
962 2293 1110 2330 notius
1141 2300 1231 2340 est,
1263 2307 1397 2346 quam

65 2369 115 2400 ut
135 2362 322 2410 narrari
343 2376 459 2401 nunc
482 2363 663 2403 debeat:
694 2360 903 2413 quomodo
923 2360 1234 2407 ambulaverit,
1265 2375 1398 2415 quam

65 2429 277 2471 delicatus
291 2430 470 2486 fuerit,
530 2445 663 2484 quam
692 2430 879 2481 cupierit
907 2431 1077 2477 videri,
1125 2446 1256 2484 quam
1286 2433 1399 2472 vitia

65 2512 146 2541 sua
188 2502 575 2543 latere'noluerit.
637 2500 760 2541 Idem
800 2499 868 2539 De
907 2499 1073 2539 Provid.
1103 2504 1144 2545 3.
1206 2500 1396 2546 Martial.

67 2568 207 2625 Epigr.
254 2576 330 2618 10,
374 2573 442 2614 73.
495 2583 626 2627 quem
675 2571 818 2608 locum
861 2577 992 2608 antea
1032 2569 1207 2609 laudavi.
1278 2570 1399 2610 Adde

69 2653 237 2693 quoque
306 2631 531 2680 Heindorf.
603 2640 656 2679 ad
720 2638 867 2677 Horat.
928 2637 1060 2677 serm.
1111 2641 1160 2686 1,
1197 2643 1249 2687 2,
1287 2638 1399 2692 25.)

66 2703 185 2761 'Quid
236 2708 349 2763 quod
392 2709 642 2756 unionum,
709 2720 1073 2762 gemmarumque
1115 2715 1158 2745 et
1208 2720 1402 2760 unguen-

1060 2790 1122 2839 2*
