1844 3211
4 804 9 859 l

2 862 7 924 5

2 926 7 958 g

0 961 5 982 ι

0 993 5 1039 ἶ

0 1051 6 1081 ἲ

0 1125 6 1139 ‚.

449 271 534 336 40
862 294 1369 336 MAECENATIANA.

455 389 549 447 „ln
580 399 691 441 Divo
722 418 892 457 quoque
924 408 1129 460 Augusto,
1160 419 1289 460 quem
1320 407 1521 447 universa
1549 405 1790 454 mortalitas

454 470 504 511 in
535 469 619 510 hac
648 485 827 513 censura
860 472 909 523 (i.
942 490 976 516 e.
1008 490 1143 530 quum
1172 478 1456 524 censendum,
1487 478 1696 518 iudicium
1712 475 1789 533 sd-

454 541 642 581 rendum
673 539 737 583 est
765 544 820 584 de
834 545 1074 599 felicitate)
1101 555 1350 599 nuncupat,
1392 549 1428 587 si
1458 547 1692 600 diligenter
1722 558 1790 595 ae-

455 610 691 650 stimentur
720 622 892 661 cuncta,
924 628 1084 669 magna
1114 619 1237 657 sortis
1268 616 1486 657 humanae
1516 618 1792 671 reperiantur

454 681 691 723 volumina.
753 683 940 736 Repulsa
970 706 1025 716 -·-
1056 688 1377 740 proscriptionis
1408 688 1569 727 invidia
1599 708 1653 719 -
1682 686 1789 726 Phi-

453 749 644 804 lippensi
673 752 841 806 proelio
871 755 1070 804 morbus,
1121 755 1244 811 fuga,
1294 765 1338 797 et
1366 757 1509 798 triduo
1538 758 1588 798 in
1626 757 1789 812 palude

452 822 644 873 aegroti,
694 832 736 863 et
765 826 839 876 (ut
868 826 1059 866 fatentur
1083 828 1273 880 Agrippa
1312 836 1355 867 et
1384 827 1648 880 Maecena-5)
1679 840 1789 882 aqua

452 889 604 931 subter
635 899 782 933 cutem
809 894 908 937 fusa
936 897 1100 951 turgidi
1129 896 1321 949 latebra,
1352 899 1471 942 etc.“

506 1096 705 1149 Plinius,
735 1103 896 1143 Histor.
927 1105 1079 1145 Natur.
1110 1108 1184 1155 IX,
1220 1112 1259 1153 8.
1291 1109 1340 1149 V.
1361 1116 1401 1155 2.
1432 1126 1470 1164 p.
1495 1115 1586 1157 139.
1608 1111 1673 1153 ed.
1691 1111 1785 1166 Bip.

449 1169 602 1221 „Divo
632 1173 830 1225 Augusto
860 1176 1084 1228 principe,
1136 1175 1424 1233 (Delphinus)
1455 1182 1693 1222 Lucrinum
1725 1183 1783 1222 la-

449 1252 552 1279 cum
586 1241 792 1288 invectus,
822 1246 1019 1297 pauperis
1053 1247 1274 1289 cuiusdam
1305 1264 1502 1307 puerum,
1536 1266 1588 1292 ex
1616 1251 1781 1293 Baiano

445 1309 651 1350 Puteolos
693 1313 741 1351 in
781 1313 936 1354 ludum
967 1315 1212 1359 literarium
1250 1322 1460 1369 flantem,
1509 1334 1609 1363 cum
1650 1326 1783 1364 meri·

434 1379 581 1418 'diano
623 1382 865 1423 immorans
904 1386 1170 1437 appellatum
1215 1402 1315 1430 eum
1361 1392 1552 1433 Simonis
1584 1395 1809 1443 nomine,·

445 1453 611 1501 saepius
644 1452 897 1505 fragmentis
929 1457 1076 1506 panis,
1125 1471 1252 1509 quem
1286 1460 1340 1498 ob
1369 1463 1415 1500 id
1447 1463 1637 1510 ferebat,
1678 1463 1781 1502 alle-

440 1521 597 1566 xisset,
641 1522 754 1561 miro
785 1536 929 1562 amore
961 1524 1123 1566 dilexit.
1202 1528 1375 1582 pigeret
1404 1531 1589 1577 referre,
1634 1531 1683 1572 ni
1710 1544 1779 1572 res

440 1588 739 1640 Maecenatis,
781 1600 825 1631 et
857 1593 1059 1644 Fabiani,
1108 1604 1151 1635 et
1182 1597 1321 1639 Flavii
1350 1601 1475 1647 Ami,
1520 1602 1780 1642 multorum-

439 1671 523 1712 que
554 1668 663 1699 esset
692 1660 830 1701 literis
861 1663 1073 1704 mandata.
1157 1666 1428 1722 Quocunque
1468 1671 1557 1713 diei
1588 1682 1781 1726 tempore

438 1730 699 1771 inclamatus
739 1745 762 1771 a
794 1746 949 1785 puero,
999 1737 1188 1788 quamvis
1220 1739 1407 1779 occultus
1437 1750 1564 1795 atque
1590 1743 1778 1792 abditus,

438 1812 494 1839 ex
513 1802 602 1839 imo
624 1802 869 1842 advolabat:
902 1814 1128 1857 pastusque
1158 1819 1182 1845 e
1204 1821 1333 1848 manu
1358 1810 1598 1863 praebebat
1626 1827 1777 1853 ascen·

439 1882 538 1909 suro
570 1871 768 1920 dorsum,
823 1874 986 1926 pinnae
1018 1875 1186 1914 aculeos
1218 1878 1335 1918 velut
1367 1882 1514 1934 vagina
1555 1883 1774 1924 condens:

433 1950 749 1996 :receptumque
776 1944 975 1984 Puteolos
1006 1959 1318 2000 permagnum
1351 1963 1515 2003 aequor
1543 1953 1590 1991 in
1621 1952 1774 1994 ludum
1843 1992 1844 2000 ,

432 2012 627 2060 ferebat,
660 2014 797 2053 simili
825 2016 958 2054 modo
988 2015 1198 2056 revehens
1233 2019 1425 2070 pluribus
1457 2024 1606 2074 annis3
1635 2025 1773 2064 donec

431 2082 587 2122 morbo
620 2084 830 2122 exstincto
863 2097 1004 2136 puer0,
1035 2086 1222 2127 subinde
1251 2089 1306 2128 ad
1335 2102 1590 2133 consuetum
1621 2094 1772 2135 locum

432 2153 671 2199 ventitans,
720 2155 853 2193 tristis
899 2163 941 2194 et
991 2160 1203 2198 moerenti
1241 2162 1419 2210 similis,
1467 2166 1559 2217 ipse
1600 2179 1770 2219 quoque

432 2220 565 2272 (quod
596 2236 724 2262 nemo
754 2224 982 2276 dubitarit)
1013 2226 1225 2268 desiderio
1258 2234 1537 2284 exspiravit.“
1556 2258 1612 2267 -·-
1649 2237 1769 2277 Hinc

433 2296 648 2344 excerpsit
681 2293 726 2332 C.
753 2294 831 2333 Iul.
861 2294 997 2335 Solin.
1020 2293 1283 2353 Polybium,
1319 2300 1367 2341 C.
1399 2303 1506 2351 ΧΙΙ.,
1529 2308 1569 2348 7.
1628 2307 1769 2352 „Divo

425 2363 618 2416 Augusto
651 2366 860 2417 principe,
891 2367 936 2405 in
963 2365 1202 2419 Campania
1234 2369 1489 2424 delphinem
1520 2388 1626 2428 puer
1655 2376 1766 2431 frag·
1808 2370 1810 2372 ’

425 2435 585 2474 mentis
617 2436 738 2487 panis
771 2437 910 2488 primo
940 2437 1111 2486 illexit,
1145 2448 1187 2478 et
1218 2440 1264 2480 in
1296 2451 1467 2485 tantum
1499 2448 1765 2487 consuetudo

426 2505 582 2551 valuit,
632 2512 682 2545 ut
725 2505 930 2547 alendum
968 2520 1011 2546 se
1043 2510 1174 2548 etiam
1205 2515 1359 2552 manui
1389 2516 1522 2566 ipsius
1554 2517 1762 2560 crederet.

424 2573 547 2624 Mox,
585 2587 721 2627 quum
753 2576 1002 2627 prolusisset
1031 2579 1211 2630 puerilis
1247 2582 1447 2634 audacia,
1479 2587 1597 2627 intra
1628 2591 1763 2642 spatia

423 2657 526 2685 eum
555 2644 737 2685 Lucrini
775 2645 895 2685 lacus
928 2649 1166 2688 vectitavit:
1223 2652 1339 2691 unde
1370 2654 1605 2707 effectum,
1659 2668 1707 2700 ut
1736 2673 1762 2702 a

420 2714 588 2757 Baiano
618 2716 746 2756 litore
783 2719 1047 2770 equitantem
1081 2732 1266 2772 puerum
1298 2722 1499 2766 Puteolos
1529 2741 1665 2782 usque
1694 2744 1759 2769 ve-

419 2786 558 2828 heret.
607 2788 704 2828 Hoc
727 2800 805 2841 per
823 2800 959 2827 annos
982 2788 1192 2840 plurimos
1217 2793 1384 2833 tamdiu
1409 2806 1590 2848 gestum,
1624 2799 1762 2841 donec
