1844 3211
3 1050 6 1059 ,
4 1015 5 1019 Α
2 647 19 944 Q-..3--„..„..2..r>i
8 586 13 629 .-
12 537 14 539 ,

443 244 524 303 36
847 258 1357 297 MAECENATIANA.

444 358 548 404 tei-is
590 364 863 421 diligebant,
905 370 1090 422 gemmis
1124 370 1444 422 pretiosissimis
1483 381 1572 408 non
1615 371 1790 411 tantum

448 438 712 486 comparari,
760 437 831 475 sed
863 437 907 477 et
937 440 1169 491 praeferri,
1228 440 1345 491 apud
1376 445 1541 476 vveteres
1578 436 1789 490 frequen?

447 506 652 545 occurrit.
749 505 799 545 Id
838 508 964 546 unice
1003 508 1244 548 illustratur
1286 502 1531 563 fragmento
1576 503 1783 559 epistolae

449 576 732 616 mollissimae
763 577 944 630 Augusti
973 578 1026 617 ad
1049 579 1360 625 Maecenatem,
1391 578 1545 631 quibus
1577 575 1715 615 verbis
1746 573 1810 627 ⁸²,

450 658 540 685 non
572 646 626 684 ad
658 644 743 684 hoc
769 647 910 698 ipsum
944 648 1250 702 Epigramma,
1284 650 1438 689 saltem
1468 649 1523 688 ad
1553 646 1783 688 Maecena-

372 732 375 736 *
448 719 502 756 tis
530 729 725 754 amorem
757 730 855 770 erga
889 731 1101 771 gemmas,
1132 720 1317 772 stylique
1341 720 1431 758 eius
1461 719 1595 758 nimis
1628 716 1790 756 discin-

449 788 508 826 cti
547 786 787 825 mollitiem
823 790 1020 839 respexit.
1071 789 1120 827 V.
1152 788 1343 828 Macrob.
1384 789 1655 843 zmaragdus
1684 797 1788 838 pro:

448 859 714 910 smaragdus
730 858 958 911 scriptum,
993 861 1251 899 auctoritate
1272 864 1659 902 monumentorum
1674 863 1790 895 vete-

450 941 573 978 rum3
604 928 648 968 id
679 930 838 967 rectius
870 942 958 967 esse
990 931 1161 969 monuit
1182 928 1377 968 Broukh.
1406 927 1458 966 ad
1478 926 1643 965 Tibull.
1677 930 1718 974 1,
1744 928 1787 973 1,

452 1004 492 1043 5.
523 1003 565 1043 2,
596 1001 636 1044 4,
667 1001 737 1040 27.
780 1005 822 1035 et
852 998 905 1035 ad
936 999 1126 1051 Propert.
1157 1003 1197 1046 2,
1233 1002 1301 1045 13,
1331 1001 1400 1042 43.
1461 997 1515 1036 cf.
1546 996 1680 1050 Kopp.
1710 995 1789 1035 Pa-

451 1069 605 1121 laeogr.
635 1066 667 1105 I.
699 1080 740 1118 p.
772 1069 867 1110 351.
928 1067 997 1106 De
1035 1069 1293 1120 margarito,
1331 1080 1489 1120 genere
1520 1076 1710 1112 neutro,
1753 1079 1788 1102 v.

452 1152 556 1192 quos
585 1135 776 1175 laudavit
806 1134 1116 1177 Burmannus.
1159 1135 1350 1176 Gronov,
1381 1134 1436 1174 ad
1459 1134 1642 1176 Senecae
1668 1126 1786 1175 Med.

452 1225 487 1249 v.
520 1211 621 1253 573.
662 1206 790 1257 legit:

656 1295 711 1302 -
743 1288 825 1313 nec
855 1276 1114 1329 smaragdos,

654 1343 851 1398 Beryllos
880 1345 1014 1395 mihi,
1046 1344 1213 1396 Flacce,
1246 1360 1327 1388 nec
1356 1348 1559 1388 nitentes.
1577 1355 1587 1363 ⁵

1102 1479 1141 1520 5.

510 1553 777 1610 Anthologia
823 1566 954 1598 veter.
984 1558 1180 1599 Latinor.
1210 1559 1480 1614 Epigramm.
1525 1567 1568 1600 et
1598 1557 1788 1599 Poemat.

454 1623 550 1665 Lib.
581 1625 612 1665 Ι.
644 1626 790 1679 Epigr.
827 1633 894 1673 53.
925 1629 975 1668 V.
1007 1631 1038 1669 I.
1080 1644 1119 1683 p.
1149 1633 1217 1675 29.
1256 1631 1318 1671 ed.
1350 1625 1588 1672 Burmann.

723 1697 918 1750 Cybelae
949 1699 1093 1739 Matri.

508 1764 630 1807 Ades
654 1768 764 1814 huc,
797 1770 903 1808 ades
931 1767 1114 1821 Cybele,
1145 1769 1249 1812 Dea
1279 1771 1527 1825 montigena
1557 1768 1673 1816 Dea,

508 1834 602 1889 Age
630 1847 842 1890 tympano
872 1841 1047 1879 sonanti
1076 1849 1210 1893 quate
1226 1840 1436 1895 flexibile
1465 1849 1627 1891 caput:
1716 1847 1719 1851 '

507 1902 653 1945 Latus
680 1909 864 1948 horreat
877 1909 1096 1963 flagello,
1127 1912 1335 1951 comitum
1365 1912 1521 1951 chorus
1551 1911 1700 1950 ululet.

448 1972 653 2016 Bai-thius
684 1977 899 2018 Adversar.
930 1979 1026 2018 XVI
1037 1980 1081 2029 L,
1111 1984 1170 2024 3.:
1203 1979 1357 2021 Nescio
1389 1993 1511 2025 sane,
1542 1980 1698 2032 inquit,
1729 1988 1787 2019 an

452 2060 661 2099 umquam
694 2049 859 2087 dictum
891 2051 1103 2100 pictumve
1136 2053 1201 2097 sit,
1232 2063 1440 2103 magnam
1469 2049 1666 2088 Deorum
1696 2060 1786 2088 ma·

452 2125 561 2157 trem
594 2127 740 2158 monte
772 2119 979 2171 genitam.
1060 2120 1112 2158 Et
1141 2122 1176 2159 si
1207 2129 1291 2166 est,
1343 2129 1489 2159 tamen
1520 2120 1636 2158 inter
1666 2130 1786 2169 prae-

448 2190 572 2227 conia
600 2190 690 2227 eius
724 2189 973 2227 absurdum.
1032 2189 1287 2241 Legendum
1320 2197 1497 2241 putem:
1540 2188 1786 2240 montirega

445 2254 579 2307 Dea‚·
611 2259 728 2310 quod
760 2258 826 2296 vel
852 2258 949 2297 Idae
981 2258 1048 2296 vel
1080 2259 1171 2297 eius
1202 2260 1334 2310 partis
1356 2256 1685 2309 Dindymorum
1718 2256 1790 2299 vel.

445 2329 649 2367 omnium
685 2327 870 2366 aliorum
904 2330 1123 2367 montium
1157 2329 1296 2379 potius
1328 2327 1575 2368 dominium
1614 2327 1781 2381 signifi·

445 2406 524 2439 cat.
585 2396 788 2449 Regendi
816 2410 913 2436 vero
944 2397 1129 2437 verbum
1154 2398 1215 2436 ita
1246 2407 1498 2449 corruptum
1530 2406 1593 2437 est
1622 2407 1665 2437 et
1686 2399 1783 2440 aliis

444 2476 561 2508 certe
603 2466 804 2519 plurimis
847 2468 1104 2520 scriptorum
1147 2467 1251 2506 locis
1291 2468 1426 2507 simili
1466 2469 1783 2519 compositione

441 2552 539 2580 cum
562 2538 751 2591 gerendi
779 2538 830 2575 sit
859 2539 1154 2578 substitutum.
1217 2537 1263 2575 V.
1295 2537 1480 2577 eundem
1512 2538 1560 2575 in
1582 2537 1783 2592 Ablegm.

441 2610 534 2647 crit.
567 2606 654 2653 HL,
687 2611 726 2649 ξ.)-
811 2606 1038 2648 Barthium
1082 2609 1242 2648 refutat
1275 2609 1463 2648 Tristan.
1506 2606 1556 2645 T.
1587 2608 1618 2648 1.
1651 2608 1782 2650 Com-

438 2687 575 2718 ment.
622 2690 659 2727 p·
690 2679 789 2719 702.
821 2685 863 2715 et
893 2690 945 2715 ex
978 2678 1070 2716 loco
1101 2678 1281 2717 Arnobii
1312 2691 1362 2720 ac
1395 2675 1657 2718 Theodoreti
1690 2680 1779 2723 vul..

430 2757 577 2801 gatam
607 2748 869 2799 scripturam
898 2746 1104 2787 defendit.
1176 2747 1302 2800 Apud
1332 2747 1588 2789 Diomedem
1620 2749 1777 2793 Gram-
