1844 3211
20 838 26 874 ,Ι

0 877 41 923 ‘i-

18 937 21 953 Ι

17 960 21 983 i

456 251 539 311 20
868 266 1375 308 MAECENATIANA.

456 383 601 417 torum
665 378 804 419 nimio
872 379 1012 420 studio
1082 393 1182 420 eum
1250 378 1462 419 lahorasse
1529 376 1790 429 confirmant

456 458 510 485 ex
542 446 831 502 Inscriptione
862 450 1057 502 quadam.
1139 449 1372 501 (Meibom.
1412 462 1453 503 p.
1486 453 1580 493 125.
1611 448 1663 489 cf.
1694 446 1786 495 Hof-

456 524 534 557 rat.
565 517 707 560 Carm.
738 524 789 566 3,
821 523 905 568 29,
933 524 972 565 4.
1002 522 1105 574 ibiq.
1166 520 1366 562 Torrent.
1418 520 1473 560 Et
1507 521 1632 568 Auct.
1671 520 1787 573 Eleg.

455 601 490 628 V·
523 593 576 634 19
606 604 692 642 sqq·
768 589 911 631 Vincit
937 594 1168 644 vulgares,
1201 592 1340 631 vincit
1369 589 1584 644 Beryllus
1611 594 1785 631 arena&

454 680 510 690 -—-
540 658 668 713 Quod
707 661 945 700 discinctus
981 673 1104 707 eras,
1156 661 1303 700 animo
1343 673 1531 713 quoque,
1581 659 1784 710 carpitur

456 743 615 778 unum,
670 727 881 770 Diluitur
911 732 1050 771 nimia
1078 730 1356 783 simplicitate
1385 739 1476 769 tua.
1508 748 1561 757 —
1609 727 1783 774 Invide,

452 799 559 850 quid
588 799 767 839 tandem
797 802 972 841 tunicae
1001 813 1179 841 nocuere
1206 798 1402 839 solutae?
1451 792 1547 837 Aut
1575 797 1786 836 tibiven-

454 871 539 908 tosi
577 871 683 922 quid
713 884 897 910 nocuere
937 867 1096 910 sinus?
1113 871 1135 922 )
1175 869 1256 909 vel
1286 863 1554 907 convivarum
1587 866 1701 904 circa
1735 877 1783 904 ae

454 937 812 989 saepiusnumero
833 946 1006 979 coetum
1037 952 1213 978 mensae
1231 938 1485 991 *parasiticae
1512 935 1693 974 nomine
1714 934 1782 977 in-

453 1006 736 1060 signiverunn
807 1009 941 1062 (Suet.
972 1011 1042 1051 vit.
1071 1011 1175 1051 Hor.
1208 1009 1260 1051 cf.
1289 1009 1437 1050 Horat.
1469 1007 1603 1049 Serm.
1632 1011 1677 1057 2,
1707 1005 1780 1058 8ι).

451 1075 543 1114 Iam
574 1089 672 1115 vero
703 1091 961 1132 quamquam
992 1082 1072 1119 ista
1103 1082 1251 1120 omnia
1282 1093 1394 1133 quae
1422 1079 1512 1119 dixi
1541 1078 1642 1117 vitia
1658 1077 1783 1116 Mae·

451 1146 597 1185 cenati
627 1160 715 1187 non
747 1148 879 1189 fuisse
909 1164 997 1190 non
1030 1160 1145 1191 certo
1185 1151 1396 1198 dixerim,
1426 1151 1509 1190 alia
1538 1159 1685 1190 tamen
1716 1148 1782 1190 vel

449 1216 612 1255 incerta
645 1227 768 1264 sunt,
799 1220 882 1261 alia
913 1220 1041 1261 facile
1073 1221 1351 1268 excusanda,‘
1376 1222 1537 1273 quippe
1567 1232 1672 1271 quae
1701 1231 1781 1272 per

448 1297 494 1325 ae
522 1287 570 1325 in
602 1299 765 1341 magno
809 1290 990 1331 homine
1022 1293 1220 1331 omnium
1263 1291 1397 1330 oculis
1428 1290 1620 1343 exposito
1650 1296 1778 1340 atque

445 1357 642 1396 maxime
673 1362 908 1412 conspicuo
938 1363 1048 1401 tanti
1080 1375 1169 1400 non
1197 1370 1309 1407 sunt,
1340 1368 1388 1400 ut
1419 1373 1521 1399 eum
1553 1359 1775 1410 despicias.

444 1427 671 1469 Accedunt
704 1444 847 1471 mores
875 1432 1027 1473 aetatis
1057 1432 1175 1471 illius
1206 1430 1540 1484 corruptissimi;
1569 1427 1646 1468 ubi
1676 1440 1776 1467 con·

444 1502 621 1553 tagione
674 1503 855 1554 quadam
903 1504 1091 1555 optimus
1143 1504 1319 1555 quisque
1372 1502 1483 1540 vitiis
1528 1499 1772 1552 attingitur,

445 1580 554 1619 quae
592 1572 757 1622 posteri
795 1572 862 1611 vel
901 1572 1056 1612 invidia
1087 1574 1297 1612 commoti
1335 1572 1572 1624 arripiunt,
1622 1577 1671 1609 ut
1699 1569 1774 1609 ha-

443 1635 588 1684 beant,
620 1639 730 1691 quod
757 1642 804 1679 in
834 1644 999 1695 magnis
1031 1642 1283 1684 hominibus
1311 1644 1571 1694 vituperent..
1628 1640 1772 1691 Quare

439 1705 620 1756 Seneca,
652 1717 700 1748 ut
729 1708 781 1748 de
810 1710 891 1750 hoc
918 1712 1120 1763 inprimis
1152 1711 1304 1758 dicam,
1335 1719 1563 1763 tantopere
1593 1721 1768 1749 exacer-

438 1774 559 1817 batus
589 1777 636 1817 in
661 1777 962 1822 Maecenatem
993 1782 1140 1828 fuerit,
1170 1791 1220 1821 ut
1248 1782 1485 1822 domestica
1513 1781 1618 1821 adeo
1648 1780 1767 1821 mala

435 1849 476 1886 ei
516 1848 620 1887 vitio
655 1858 861 1895 verteret,
918 1863 1074 1891 causae
1103 1852 1266 1891 multae
1298 1853 1534 1904 excogitari
1564 1860 1764 1906 possunt3

431 1928 533 1969 quae
582 1917 660 1956 alii
704 1918 808 1959 alias
849 1920 1090 1968 finxerunt,
1141 1930 1209 1961 ut:
1267 1921 1502 1970 Senecam,
1547 1923 1621 1974 qui
1664 1923 1765 1963 vitia

433 1987 639 2040 obtegere
660 1998 702 2028 et
726 1990 936 2030 occultare
959 1992 1137 2038 volebat,
1171 1994 1235 2031 sui
1257 1992 1485 2032 excusandi
1509 2005 1631 2031 causa
1647 1993 1765 2033 Mae·

431 2066 626 2097 cenatem
664 2059 902 2107 incusasse;
954 2059 1092 2110 (Dini
1124 2075 1161 2114 p.
1193 2064 1248 2105 86
1278 2062 1369 2115 sq.)
1410 2061 1764 2116 illumvStoicum

428 2126 729 2179 Maecenatem
762 2130 999 2182 Epicurum
1032 2144 1107 2182 pro
1142 2132 1215 2170 vili
1245 2130 1471 2178 habuisse;
1505 2140 1549 2170 at
1579 2131 1632 2170 de
1663 2132 1762 2185 Epi-

428 2185 530 2236 curo
561 2211 687 2249 saepe
719 2213 819 2239 cum
848 2200 970 2240 laude
1001 2202 1190 2253 loquitur
1219 2202 1395 2244 Seneca.
1468 2202 1557 2242 Alii
1585 2202 1756 2243 Maece-

423 2276 571 2307 uatem
604 2267 907 2323 philosophos,
960 2284 982 2308 e
1013 2284 1195 2322 quorum
1226 2284 1386 2324 genere
1415 2271 1547 2311 fuerit
1577 2271 1756 2323 Seneca,

422 2337 541 2390 abigi
579 2336 716 2376 Roma
758 2340 928 2379 iussisse
970 2340 1262 2389 contendunt,
1317 2342 1428 2393 quod
1458 2356 1510 2382 ex
1540 2344 1630 2383 eius
1663 2357 1754 2384 ora-

422 2406 540 2445 tione
582 2405 697 2459 apud
730 2407 917 2447 Dionem
951 2409 1265 2462 comprobant;
1317 2410 1423 2452 hinc
1454 2412 1616 2454 factum
1646 2426 1757 2465 esse,-

419 2484 469 2516 ut
496 2475 659 2517 Seneca
690 2476 988 2520 Maecenatem
1028 2481 1075 2520 in
1109 2466 1445 2530 odio'haberet3
1500 2482 1616 2536 quod
1648 2496 1752 2525 sane

414 2547 646 2588 ridiculum
697 2547 822 2588 foret.
891 2549 972 2601 (V.
1013 2548 1132 2592 Dini
1170 2548 1334 2604 Difesa
1374 2560 1455 2592 etc.
1505 2567 1546 2605 p.
1582 2557 1638 2598 15
1670 2556 1749 2610 sq.)

412 2615 636 2657 Postremo
676 2624 776 2655 sunt
830 2619 931 2670 qui,
984 2619 1070 2658 sive
1114 2618 1393 2669 Petronium,
1454 2624 1541 2663 sive
1596 2625 1746 2676 alium,

409 2686 494 2725 sive
512 2687 655 2738 ipsum
680 2684 902 2725 Neronem
924 2687 1039 2726 bene
1070 2689 1249 2728 fortasse
1281 2691 1335 2729 de
1361 2692 1613 2735 Maecenate
1646 2710 1740 2737 een.

406 2755 505 2795 sisse
527 2763 656 2808 atque
674 2754 872 2795 locutum
891 2768 993 2804 eise,
1026 2759 1232 2811 suspicati
1253 2758 1440 2816 fuerint3
1472 2765 1589 2816 quod
1609 2767 1737 2809 ahiu-
1769 2760 1781 2768 ²

1841 2304 1844 2324 4
