1844 3211
422 233 462 293 8
836 240 1340 280 MAECENATIANA.

425 363 536 390 στον
576 347 786 389 ἐνιαυτὸν
826 348 871 394 ἐν
918 355 1017 397 τοῖς
1053 347 1300 401 γενεθλίοις
1349 347 1488 405 δῶρον
1536 344 1784 404 ἑλοέμβοιτέἶ

426 417 611 475 φιάλην.
673 419 759 460 Sed
801 419 905 459 haec
943 420 1091 460 omnia
1129 421 1294 461 incerta
1331 428 1442 460 sunt.
1501 414 1758 472 Συμβιωτὴς

428 493 561 530 etiam
591 491 795 544 *Augusti
843 489 1113 542 imperatoris
1168 488 1255 530 dici
1304 496 1472 543 poterat
1519 487 1758 528 Maecenas.

427 562 527 603 Hoc
550 568 653 602 'vero
682 560 794 603 nulli
825 560 1091 600 dubitationi
1122 568 1184 599 est
1215 560 1475 607 obnoxium,
1530 558 1636 611 quin
1664 569 1758 596 ma-

429 641 528 673 ture
558 632 794 671 amicitiam
828 630 1053 669 Octaviani
1091 629 1174 669 sibi
1214 632 1447 682 paraverit,
1493 631 1612 669 cuius
1651 627 1760 666 ami-

435 714 535 741 cum
567 702 722 751 potius,
752 700 940 750 principi
970 700 1340 750 gratiosissimum,
1373 712 1500 752 quam
1525 699 1649 751 regni
1678 697 1761 739 mi-

430 772 645 814 nistrum,
678 778 729 808 ut
762 769 906 808 dicere
937 769 1098 814 solent,
1128 782 1227 809 eum
1258 772 1485 818 nomines;
1529 765 1762 819 (Wieland.

429 842 477 880 in
506 839 742 884 Introduct.
789 838 842 876 ad
871 838 1019 878 Horat.
1054 838 1186 891 Epist.
1228 853 1268 890 p.
1299 839 1362 888 3.)
1405 852 1536 892 quem
1578 835 1762 876 maximi

431 922 602 963 semper
642 908 829 948 faciebat
870 916 914 947 et
953 917 1186 961 antequam
1227 911 1462 963 imperium
1493 910 1668 961 adeptus
1702 920 1764 946 es-

434 989 500 1021 set
529 989 571 1019 et
602 987 828 1031 postquam
856 979 1093 1029 Imperator
1131 992 1314 1032 regnum
1358 988 1585 1019 exerceret.
1646 978 1764 1028 (Dio

434 1055 515 1097 52,
549 1054 585 1093 1.
626 1046 873 1093 ἐποιήσατο
906 1046 950 1086 δὲ
979 1045 1060 1093 τὴν
1095 1046 1336 1101 διάγνωσιν
1362 1048 1476 1104 μετά
1504 1064 1554 1089 τε
1583 1050 1667 1088 τοῦ
1696 1047 1764 1085 ’A-

434 1119 637 1175 γρίππου
668 1117 743 1156 καὶ
773 1120 856 1155 τοῦ
887 1115 1144 1161 Μαικήνου·
1193 1116 1377 1165 τούτοις
1407 1117 1492 1172 γὰρ
1522 1116 1675 1158 πάντα
1704 1113 1766 1153 τὰ

440 1188 675 1246 ἀπόρῤητα
706 1184 946 1227 ἀνεκοίνου.
988 1186 1136 1226 Senec.
1164 1184 1214 1226 de
1244 1185 1393 1227 Benef.
1427 1191 1478 1236 6,
1508 1191 1575 1231 32.
1615 1184 1766 1229 Divus

437 1257 671 1311 Augustus
689 1259 841 1317 filiam
882 1258 1004 1296 ultra
1043 1257 1339 1307 impudicitiae
1380 1258 1658 1297 maledictum
1687 1257 1766 1295 im·

438 1329 645 1383 pudicam
676 1326 911 1378 relegavit,
957 1333 999 1363 et
1012 1324 1199 1379 flagitia
1232 1322 1498 1380 Principalis
1538 1329 1690 1368 domus
1719 1327 1766 1367 in

437 1397 663 1452 publicum
692 1396 847 1435 emisit.
892 1414 948 1425 -·-
986 1393 1162 1436 Deinde
1191 1409 1349 1447 quum,
1381 1398 1637 1450 interposito
1663 1405 1769 1437 tem-

438 1481 568 1521 pore,
619 1466 666 1504 in
705 1465 842 1505 locum
884 1465 979 1503 irae
1016 1464 1199 1504 subisset
1239 1468 1526 1514 verecundia,
1579 1479 1769 1520 gemens,

440 1537 558 1591 quod
596 1550 682 1576 non
726 1536 804 1575 illa
845 1534 1019 1574 silentio
1048 1535 1294 1586 pressisset,
1350 1550 1463 1588 quae
1492 1537 1663 1576 tamdiu
1692 1550 1767 1576 ne-

441 1606 625 1653 scierat,
653 1604 805 1644 *donec
835 1603 952 1655 loqui
982 1612 1111 1653 turpe
1141 1613 1271 1644 esset:
1323 1617 1449 1658 saepe
1477 1605 1767 1646 exclamavit:

442 1674 623 1719 Horum
665 1674 773 1714 mihi
808 1673 920 1714 nihil
949 1674 1195 1721 accidisset,
1243 1674 1283 1714 si
1309 1683 1389 1715 aut
1417 1670 1639 1729 Agrippa,
1690 1682 1770 1715 aut

443 1742 681 1788 Maecenas
718 1742 909 1783 vixisset.
980 1739 1105 1784 Adeo
1142 1751 1213 1783 tot
1243 1744 1419 1785 habenti
1452 1745 1597 1785 ‘millia
1635 1744 1769 1785 homi-

442 1828 550 1869 num
579 1815 688 1855 duos
717 1826 932 1865 reparare
960 1811 1139 1867 difficile
1168 1821 1244 1853 est.
1321 1811 1484 1854 Caesae
1509 1822 1614 1853 sunt
1642 1814 1771 1866 legio·

442 1896 544 1932 nes3
584 1893 627 1925 et
654 1883 856 1936 protinus
893 1871 1093 1935 scriptae.
1152 1879 1315 1924 Fracta
1352 1883 1522 1931 classis3
1565 1891 1608 1924 et
1646 1883 1788 1924 intra⁷

441 1967 599 2010 paucos
627 1954 720 1994 dies
749 1952 923 1996 natavit
952 1966 1075 1993 nova.
1132 1951 1357 1993 Saevitum
1386 1962 1448 1994 est
1469 1956 1514 1994 in
1542 1967 1669 2006 opera
1690 1965 1776 2009 pu-¹

443 2015 557 2067 blica
583 2022 758 2078 ignibus
767 2033 786 2072 ;
817 2029 1115 2072 surrexerunt
1144 2022 1324 2064 meliora
1351 2024 1600 2065 consumtis.
1660 2018 1702 2063 T
1698 2030 1771 2065 ota

444 2096 563 2137 vita.
611 2091 835 2146 Agrippae
865 2101 908 2133 et
938 2091 1212 2134 Maecenatis
1256 2095 1433 2134 vacavit
1462 2095 1592 2133 locus.
1651 2090 1771 2147 Quid

442 2162 628 2218 putem?
657 2158 864 2215 Defuisse
891 2162 1054 2201 similes
1086 2162 1162 2215 qui
1188 2171 1527 2210 assumerentur,
1555 2176 1613 2204 an
1637 2163 1774 2216 ipsius

443 2231 605 2275 vitium
629 2229 805 2287 fuisse,
847 2232 924 2284 qui
963 2232 1124 2272 maluit
1162 2233 1311 2285 queri,
1356 2248 1488 2287 quam
1525 2229 1770 2287 quaerere?

443 2300 547 2343 Non
578 2310 642 2341 est
673 2301 785 2354 quod
815 2301 1134 2347 existimemus,
1185 2298 1429 2356 Agrippam
1470 2312 1514 2349 et
1539 2302 1773 2348 Maecena-

445 2383 530 2419 tem
559 2373 706 2414 solitos
736 2372 804 2412 illi
840 2385 947 2421 vera
978 2373 1152 2414 dicere.-
1202 2373 1279 2425 qui
1306 2374 1345 2413 si
1372 2373 1611 2423 vixissent,
1654 2374 1774 2413 inter

441 2442 770 2486 dissimulantes
800 2441 1001 2498 fuissent.
1059 2441 1237 2498 Regalis
1276 2443 1440 2499 ingenii
1477 2457 1567 2486 mos
1595 2453 1684 2499 esp,
1727 2444 1775 2485 in

441 2514 739 2569 praesentium
779 2513 1110 2559 contumeliam,
1171 2515 1333 2555 amissa
1370 2516 1578 2561 laudare,
1627 2525 1670 2557 et
1708 2500 1808 2555 his⁵

442 2585 656 2626 virtutem
686 2582 794 2622 dare
821 2596 925 2623 vera
953 2582 1130 2624 dicendi
1141 2613 1153 2631 ,
1201 2596 1230 2624 a
1260 2583 1416 2638 quibus
1446 2584 1536 2625 iam
1565 2582 1776 2628 audiendi

442 2653 690 2709 periculum
720 2666 807 2693 non
838 2651 947 2702 est.)
1007 2651 1054 2691 V.
1097 2654 1226 2693 etiam
1264 2654 1393 2693 infra.
1460 2656 1593 2707 Atqui
1629 2662 1778 2696 contra

446 2723 708 2764 Maecenate
740 2733 872 2762 nemo
903 2721 1132 2763 studiosius
1164 2734 1341 2764 omnem
1365 2734 1541 2778 operam
1570 2724 1701 2774 dedit,
1732 2730 1781 2765 ut
