1844 3211
456 247 961 310 ΜΑΕΟΕΝΑΤΙΑΝΑ.
1338 242 1378 299 7

166 391 287 429 Sicut
317 393 360 425 et
396 384 450 423 de
477 378 727 436 parentibus
757 385 799 416 et
828 376 881 414 de
918 371 1078 425 patria,
1130 367 1207 406 ubi
1246 373 1371 404 natus

0 506 1 512 ¹
55 463 132 507 sit,
186 458 301 498 nihil
339 453 617 508 protulerunt
642 457 798 487 veteres
831 446 1057 495 scriptores
1071 465 1082 486 ,
1130 438 1191 476 ita
1232 444 1371 472 annus

56 543 246 585 quoque,
279 541 361 581 quo
393 531 544 563 natum
576 521 710 566 dicas,

748 518 922 569 ignarus
953 520 1024 550 est.
1087 506 1267 544 Videtur
1296 502 1372 541 ille

55 601 231 656 quidem
271 600 400 638 fuisse
442 596 556 634 inter
596 603 629 631 a.
661 603 702 628 u.
735 601 768 627 c.
799 588 883 628 (280
904 606 920 613 -
942 584 1037 625 690.
1096 576 1144 613 V.
1187 584 1294 625 quae
1321 571 1372 609 de

54 685 171 713 anno
200 670 350 709 mortis
382 666 580 703 diximus.
639 659 742 697 Dies
782 664 929 694 autem
968 648 1121 689 natalis
1152 646 1236 695 fuit
1264 641 1373 680 Idib.

55 741 191 793 April.
225 736 392 787 (Horat.
425 734 566 772 Carm-
597 733 637 776 4,
672 732 739 773 11,
772 729 825 767 14
841 722 958 774 sqq).
1015 720 1242 774 Peyrperam
1276 711 1375 751 Sca-

55 812 178 864 liger.
216 808 388 860 (Poetic.
421 808 471 849 3,
505 800 622 850 102.)
674 791 912 833 Floralibus
952 801 1051 825 eum
1082 794 1228 823 natum
1258 782 1373 826 dicit,

60 894 168 934 quae
197 865 528 920 celebrabantur
557 870 605 907 in
630 865 715 903 fine
748 873 884 900 mens.
906 856 1038 907 April.
1098 854 1247 903 Quum
1272 863 1376 901 puer

60 960 171 990 esset
199 957 323 1000 atque
352 942 613 982 adolesceret
644 934 887 973 Maecenas,
918 927 1032 965 bene
1062 932 1189 975 atque
1219 915 1375 959 libera-

58 1022 175 1068 liter,
207 1027 255 1057 ut
286 1017 423 1054 civem
455 1010 698 1047 Romanum
730 999 889 1043 decuit,
922 995 1111 1035 eruditus
1135 1000 1208 1030 est.
1267 989 1381 1028 Hinc

59 1092 207 1131 doctus
235 1086 288 1125 ab
316 1080 498 1123 Horatio
530 1074 791 1129 appellatur,
832 1076 875 1107 et
909 1076 1125 1106 sermones
1155 1062 1385 1110 utriusque

60 1163 238 1211 linguae
267 1158 441 1198 doctus,
475 1148 645 1199 (Horat.
678 1142 818 1181 Carm.
849 1143 893 1184 3,
922 1140 962 1182 8,
995 1140 1033 1178 5.
1080 1133 1211 1184 Epist.
1245 1134 1282 1175 1,
1316 1130 1381 1171 19,

64 1228 121 1279 1.)
154 1222 292 1277 σοφὸς
321 1223 373 1261 ab
405 1218 617 1258 Cedreno.
689 1208 947 1262 Apolloniae
987 1217 1084 1242 eum
1117 1202 1253 1241 literis
1285 1209 1385 1250 ope-

60 1310 156 1338 ram
184 1295 354 1336 dedisse,
386 1295 599 1333 statuunt,
633 1296 685 1322 ex
714 1293 835 1319 more
866 1276 1041 1330 quidem
1072 1274 1384 1314 Romanorum,

64 1368 139 1420 qui
167 1365 395 1404 literarum
428 1370 548 1397 causa
576 1357 623 1393 in
638 1352 860 1392 Graeciam
891 1361 933 1386 se
957 1344 1246 1385 conferebant.
1297 1340 1384 1379 Ibi·

65 1437 168 1477 dem
198 1443 363 1486 quoque
393 1425 643 1469 Octaviani,
684 1422 760 1473 qui
800 1426 945 1470 postea
978 1416 1270 1456 Romanorum
1301 1413 1383 1450 im·

66 1514 237 1559 perator
265 1490 400 1540 fact'us
432 1506 516 1543 est,
548 1492 784 1533 amicitiam
813 1498 947 1537 atque·
967 1484 1302 1524 familiaritatem
1334 1481 1387 1518 si-

68 1577 118 1617 bi
144 1572 391 1616 conciliasse
421 1572 599 1619 ponunt.
657 1560 797 1599 Immo
837 1556 889 1594 de
926 1554 1139 1593 industria
1166 1550 1387 1591 Maecena-

69 1656 160 1687 tem
191 1642 473 1696 Apolloniam
504 1623 689 1689 petiisse,
719 1638 767 1669 ut
794 1629 857 1668 ibi
888 1626 1183 1670 Octavianum,
1212 1620 1391 1662 iamiam

72 1731 97 1758 a
129 1716 319 1757 Caesare·
343 1719 554 1763 magnum
584 1704 762 1749 factum,
795 1704 1084 1752 cognosceret,
1114 1693 1197 1732 fuit
1226 1692 1300 1744 qui
1330 1691 1392 1730 di·

74 1794 199 1827 ceret.
248 1784 448 1835 (Appian.
478 1778 531 1815 de
561 1774 664 1813 bell.
697 1771 786 1810 Civ.
818 1773 870 1817 3,
902 1771 963 1811 9.:
1002 1762 1090 1803 Καὶ
1117 1765 1208 1801 τῶν
1237 1757 1392 1813 ἡγεμό-

73 1870 157 1900 νων
186 1856 270 1894 τοῦ
300 1850 503 1905 στρατοῦ
533 1857 672 1893 τινες,
706 1842 764 1888 ὡς
793 1841 997 1889 συγγενεῖ
1023 1831 1269 1887 Κορίσαρος,
1310 1829 1392 1868 θα-

76 1923 183 1982 μινὰ,
222 1918 502 1974 ἐπεφοίτων.)
560 1916 659 1954 Huc
689 1912 867 1950 fortasse
897 1907 1083 1958 pertinet
1111 1902 1246 1946 illud,
1278 1900 1394 1952 quod

77 1978 335 2037 Plutarchus
377 1984 718 2039 (Apophthegm.
750 1980 855 2029 Reg.
887 1973 1099 2027 (August.)
1130 1977 1168 2016 6.
1199 1972 1248 2010 V.
1283 1976 1321 2015 1.
1354 1984 1393 2023 p.

80 2070 182 2112 823.
212 2063 280 2102 ed.
313 2053 563 2112 Wynenb.)
602 2051 909 2091 Maecenatem
935 2040 1184 2096 συμβιωτὴν
1214 2042 1399 2094 Augusti

81 2144 221 2177 vocat:
271 2126 406 2183 Παρὰ
448 2124 493 2167 δὲ
525 2118 735 2168 Μαικήνα
772 2119 857 2158 τοῦ
889 2112 1143 2169 συμβιωτοῦ
1172 2110 1273 2150 καθ’
1301 2108 1397 2152 ἕκα-

197 2256 328 2298 cenas
357 2247 574 2290 Melissus.
632 2239 687 2284 Α.
727 2239 1024 2282 Maecenatem
1047 2233 1118 2273 ⁴e'x
1159 2233 1401 2285 fragmento

201 2308 428 2353 marmoris
469 2309 680 2345 memorat
716 2299 960 2348 Dempster.
1005 2292 1143 2331 Etrur.
1181 2290 1330 2342 Regal.
1360 2291 1402 2335 2,

201 2372 269 2412 55.
301 2379 339 2417 p.
373 2365 491 2406 221⁸
758 2358 803 2395 A.
836 2349 1159 2392 MOECENAS.
1190 2346 1273 2386 RE.

204 2420 406 2470 DECUR.
434 2419 486 2469 Q.
509 2414 715 2458 ARRET.
748 2410 860 2450 vrT
997 2404 1260 2446 nmmos.
1290 2402 1404 2442 Exi-

204 2482 317 2523 LIO.
347 2476 453 2519 RES
485 2505 581 2516 .....
613 2474 663 2513 Τ.
692 2471 776 2512 LR.
808 2467 922 2507 COL
1069 2464 1175 2503 ΑΜ.
1206 2460 1255 2503 C.
1287 2458 1407 2500 Mae-

206 2538 383 2581 cenatis.
413 2532 555 2575 Cestii.
598 2534 645 2572 in
685 2529 907 2569 Thesauro
946 2524 1077 2562 Inscr.
1118 2522 1323 2560 Murator.
1366 2529 1406 2567 p.

208 2606 450 2639 MDCXXVul,
484 2595 550 2635 10.
596 2587 706 2631 Ibid.
737 2601 776 2640 p.
799 2596 972 2626 MDcc1v‚
1006 2585 1068 2625 [0.
1112 2577 1157 2621 C.
1180 2574 1409 2618 Maecena-

209 2657 277 2695 tis.
315 2648 593 2695 Maecenatis.
644 2645 799 2699 Ipsius.
839 2639 894 2685 L.
922 2637 1110 2691 Lysiae.
1150 2634 1251 2677 ibid.
1282 2635 1320 2676 9.
1359 2626 1408 2670 C.

153 2727 156 2729 ·
214 2709 446 2752 Maecenas
478 2702 742 2758 Phthongus.
794 2699 900 2737 Add.
932 2698 1057 2736 Gorii
1087 2694 1296 2742 Inscripti
1329 2688 1412 2726 Au-

217 2769 293 2820 tiq.
325 2765 496 2806 Arretii.
526 2762 579 2802 T.
610 2765 649 2807 2.
680 2776 718 2815 p.
747 2760 830 2804 271
863 2770 950 2810 sqq.
981 2758 1079 2799 407.
