1844 3211
452 271 535 332 30
861 280 1373 320 MAECENATIANA.

1768 368 1785 386 Ι

562 399 723 442 Sidens
749 400 985 441 sustineam
1014 404 1167 447 cruce,
1191 400 1221 439 i.
1253 410 1288 438 e.
1317 396 1512 437 insidens
1542 396 1603 437 ita
1630 401 1682 435 ut
1710 392 1787 434 de}⁴

451 471 631 525 primam
661 473 873 512 sustinere
902 471 1073 523 possim.
1102 491 1159 500 —
1188 467 1485 510 Burmannus:

520 559 523 561 ·
563 542 690 582 Hanc
719 541 831 581 mihi
862 542 926 580 vel
955 549 1075 581 acuta

567 612 614 653 Si
644 612 727 659 das,
759 613 965 657 sustineo,
996 623 1137 649 cruce.
1178 610 1209 650 i.
1241 608 1357 649 e.·Si
1380 609 1510 649 vitam
1539 605 1668 645 modo
1698 605 1781 645 mi-

451 680 500 721 hi
528 682 621 727 das,
664 681 729 719 vel
759 683 806 721 in
837 690 962 720 acuta
994 694 1141 725 cruce,
1181 681 1383 720 sustineo.
1456 678 1688 720 Sustinere
1718 683 1784 715 est:

452 752 619 803 perpeti
657 752 828 803 quaevis
868 751 993 790 mala.
1039 764 1075 791 v.
1103 749 1337 796 Burman„
1376 750 1452 802 qui
1488 756 1638 788 tamen
1675 745 1720 786 h.
1750 744 1782 786 l‘.

450 820 642 860 malebat
668 821 972 874 interpretari:
1002 821 1144 861 vitam
1172 820 1447 875 protrahere.

1095 951 1136 992 3.

563 1028 753 1070 Horatii
781 1027 906 1078 Vita,
932 1042 1011 1083 per
1032 1027 1308 1078 Suetonium,
1336 1036 1387 1070 ut
1415 1027 1566 1077 fertur,
1597 1027 1784 1069 conscri-

449 1108 535 1154 pta.
1683 1147 1686 1151 Δ

503 1170 690 1220 „Primo
720 1167 1001 1217 Maecenati,
1031 1166 1187 1208 deinde
1215 1168 1409 1223 Augusto
1440 1167 1688 1225 (Horatius)
1716 1171 1785 1211 in-

450 1243 668 1288 sinuatus,
720 1254 808 1279 non
840 1240 1107 1278 mediocrem
1146 1239 1289 1277 locum
1328 1241 1377 1279 in
1415 1239 1645 1279 amborum
1676 1240 1784 1280 ami-

451 1313 548 1351 citia
579 1312 733 1350 tenuit.
792 1308 1034 1350 Maecenas
1061 1316 1323 1363 quantopere
1354 1324 1453 1351 eum
1477 1309 1690 1360 dilexerit,
1720 1320 1784 1351 tta-i

446 1383 501 1422 tis
529 1390 794 1422 monstratur
822 1381 900 1419 illo
931 1379 1283 1432 Epigrammate,
1315 1381 1392 1420 ubi
1421 1381 1582 1433 inquit:

650 1451 714 1491 Ivi
744 1461 784 1490 te
812 1450 1054 1490 visceribus
1084 1451 1214 1498 meis,
1247 1449 1429 1495 IIorat'i,

647 1518 758 1562 Plus
790 1520 879 1560 iam
908 1521 1066 1571 diligo,
1104 1517 1268 1558 Vitium
1299 1520 1490 1557 sodalem

648 1588 791 1632 Mimo
824 1600 873 1646 τᾳ
902 1590 1049 1630 videas
1078 1577 1385 1641 strigosiorem.

450 1659 535 1700 Sed
564 1659 706 1699 multo
738 1661 876 1712 magis
906 1659 1123 1703 extremis,
1156 1657 1234 1696 tali
1264 1658 1315 1696 ad
1345 1659 1591 1711 Augustum
1621 1655 1782 1710 elegius

445 1729 637 1772 Horatii
667 1730 837 1787 flacci,
870 1739 920 1769 ut
950 1730 1057 1774 mei,
1091 1742 1256 1768 memor
1285 1731 1416 1768 esto.“

467 1821 469 1823 ·
507 1799 559 1840 In
592 1799 856 1852 Anthologia
888 1808 1017 1837 veter.
1060 1798 1249 1837 Latinor.
1289 1798 1554 1850 Epigramm.
1597 1804 1640 1836 et
1681 1797 1782 1848 Ροδ-

444 1876 549 1909 mat.
591 1868 670 1909 lib.
712 1869 776 1918 ΙΙ,
820 1869 897 1922 Ep.
940 1867 1144 1907 CCXXV.
1186 1867 1235 1907 hi
1279 1881 1418 1907 versus
1456 1869 1515 1908 ita
1551 1867 1781 1920 legunturz

444 1940 513 1979 Ad
542 1940 792 1980 Horatium.
838 1939 884 1978 C.
916 1938 1183 1989 Maecenatis
1218 1937 1354 1977 Cilnii
1385 1937 1553 1990 Equinis
1582 1937 1780 1978 Romani.

644 2008 709 2049 Ni
741 2019 784 2048 te
810 2010 1048 2049 visceribus
1075 2010 1202 2053 meis,
1233 2007 1416 2055 Horati,

644 2078 746 2120 Iam
774 2081 874 2131 plus
903 2080 1063 2131 diligo:
1097 2087 1145 2118 tn
1176 2087 1300 2117 tuum
1330 2079 1519 2118 sodalem

647 2147 816 2189 Ninnio
846 2148 996 2188 videas
1026 2149 1340 2199 strigosiorem.

441 2218 536 2257 Hoc
573 2216 877 2272 Epigramma,
928 2219 1039 2256 sicut
1088 2218 1221 2255 etiam
1271 2216 1382 2255 illud
1424 2215 1534 2267 quod
1574 2216 1778 2267 sequitur,

442 2287 612 2329 videtur
642 2303 733 2328 esse
764 2274 1068 2340 fragmentum*
1091 2286 1288 2325 lacerum
1320 2286 1547 2333 carminis,
1579 2285 1775 2326 eiusdem

440 2361 709 2417 argumepti,
738 2360 789 2399 ad
819 2359 1049 2398 Horatium
1082 2358 1306 2396 absentem
1338 2359 1499 2410 scripti.
1550 2358 1603 2396 In
1634 2370 1683 2395 eo
1714 2357 1776 2397 la-

439 2434 532 2467 tere
560 2428 725 2479 aliquid
756 2429 964 2481 suspicor,
1016 2440 1098 2479 quo
1130 2427 1277 2465 Flacco
1318 2427 1497 2475 scribat,
1549 2428 1584 2466 si
1615 2427 1777 2469 diutius

439 2496 587 2537 abesse
630 2507 803 2551 pergat,
859 2506 901 2537 et
940 2497 1082 2536 solum
1131 2496 1374 2548 reiinquat,
1424 2499 1514 2537 eius
1561 2496 1774 2538 desiderio

443 2568 827 2607 contabescentem
875 2568 1205 2620 Maecenatem,
1253 2567 1378 2606 illum
1420 2567 1621 2605 reducem
1666 2569 1775 2608 visu-

439 2649 542 2677 rum
574 2651 665 2677 esse
696 2637 885 2677 sodalem
918 2651 1044 2676 suum
1078 2637 1225 2677 Ginno
1266 2637 1331 2676 vel
1363 2637 1529 2676 Ninnio
1560 2640 1775 2692 strigosio-

439 2720 557 2755 rem,
606 2708 652 2748 id
683 2717 745 2746 est
775 2715 995 2746 attenuato
1027 2719 1203 2758 corpore
1232 2707 1371 2746 instar'
1397 2708 1586 2748 iumenti
1616 2710 1774 2750 defecti

439 2786 516 2819 aut
545 2779 661 2819 male
700 2778 838 2819 curati
877 2777 1176 2818 macilentum.
1257 2774 1487 2830 Strigosus
1524 2779 1646 2818 enim
1675 2793 1776 2832 pro-,
1843 2815 1844 2818 ,
