1844 3211
364 217 449 282 48
780 234 1291 276 MAECENATIANA.

364 344 494 385 ncian.
524 348 567 390 7.
608 346 725 387 Voss.
763 346 817 386 de
855 348 1040 388 Historr.
1081 348 1195 395 Lau.
1233 361 1275 401 Ρ.·
1306 352 1402 393 109
1443 345 1601 388 ed.11.
1645 343 1701 384 cf.

362 412 518 453 Harle·
561 416 721 457 notitia
761 417 918 458 literat.
958 417 1085 458 Rom.
1130 417 1175 458 P.
1205 418 1259 459 ΙΙ.
1313 431 1354 472 Ρ.
1380 420 1482 462 354.
1533 416 1710 457 Fabric.

362 481 588 526 Bib1.Gr
622 487 669 526 v
702 490 738 531 1.
768 500 809 540 p.
841 491 937 532 685.
969 478 1033 528 e'd
1063 487 1206 538 Harl)
1238 508 1295 517 -

475 635 539 673 Ad
581 633 849 674 Maecenatis
883 634 1128 686 fragmenta
1169 639 1234 671 est
1272 631 1452 671 fortasse
1495 626 1570 681 qui
1599 627 1703 666 Ora-

360 703 532 743 tionem
562 704 615 742 ab
657 715 707 741 eo
751 702 805 743 ad
836 708 1076 758 Augustum
1108 702 1327 748 habitam,
1378 714 1401 739 a
1432 701 1577 740 Dione
1607 697 1702 749 (52,

361 773 549 825 14·42.)
571 774 764 822 relatam,
796 775 956 815 referre
977 775 1087 815 velit.
1147 772 1229 813 Sed
1260 773 1332 818 ita,
1363 779 1411 810 ut
1446 769 1561 823 apud
1582 769 1702 808 hunc

358 842 545 896 legitur,
579 845 766 885 minime
806 860 827 885 a
859 846 1114 885 Maecenate
1145 858 1239 884 eam
1272 842 1516 897 profectam
1558 841 1700 880 dicere

356 913 506 962 possis.
580 911 725 952 Habet
764 913 967 963 fortasse,
1019 927 1130 967 quae
1170 926 1223 952 ex
1252 913 1431 966 ingenio
1471 918 1597 962 atque
1628 922 1701 948 ore

356 981 489 1021 amici
527 982 713 1034 Augusti
757 982 990 1033 fluxerint,
1041 994 1084 1024 et
1122 990 1427 1036 argumentum
1467 980 1559 1018 fere
1596 979 1699 1026 tale,

357 1050 484 1102 quale
524 1052 808 1103 probabiliter
849 1054 956 1092 abeo
1001 1054 1249 1104 expositum
1299 1059 1384 1096 est,
1435 1048 1507 1088 sed
1557 1048 1699 1087 omnia

355 1121 492 1159 oratio
532 1120 698 1161 rhetori
731 1121 900 1161 Graeco
931 1123 1069 1175 magis
1110 1122 1303 1161 debetur.
1346 1120 1398 1159 cf.
1430 1118 1638 1159 Meiners.
1668 1119 1697 1158 1.

355 1201 483 1241 supra
515 1189 543 1228 l.
576 1202 615 1241 p.
635 1193 700 1233 15,
734 1199 821 1229 not.
854 1203 890 1231 o.
939 1188 1096 1242 Heyne
1128 1190 1179 1229 ad
1212 1191 1328 1242 Virg.
1364 1189 1506 1228 Vitam
1539 1189 1696 1229 Donat.

354 1261 428 1306 19,
448 1263 518 1303 78.
558 1258 777 1298 Laudibus
807 1261 918 1300 iusto
949 1259 1189 1299 maioribus
1221 1259 1377 1298 extulit
1401 1256 1694 1307 Barnevicius,

352 1330 401 1369 in
428 1328 627 1367 Boecleri
658 1328 834 1380 Operib.
868 1329 919 1367 T.
949 1334 988 1371 2.
1023 1343 1062 1381 p.
1092 1333 1216 1372 710:
1262 1329 1434 1374 Oratio,
1466 1328 1527 1366 ait
1558 1328 1693 1380 gravis

352 1407 414 1444 est
443 1407 485 1437 et
516 1399 744 1450 castigata,
777 1398 1004 1437 sententiis
1036 1398 1242 1445 ornatior,
1276 1409 1404 1449 quam
1435 1395 1585 1435 verbis.
1641 1396 1695 1436 In

352 1481 401 1509 ea
442 1467 558 1508 vides
610 1479 760 1506 curam
800 1467 1061 1513 honestatis,
1109 1465 1264 1505 iudicii
1307 1465 1591 1518 gravitatem,
1643 1465 1693 1505 in

349 1540 596 1593 Augustum
626 1535 769 1581 fidem,
801 1537 1116 1589 providentiam
1147 1535 1408 1582 futurorum,
1440 1535 1692 1575 cautionem

351 1619 394 1651 et
433 1607 894 1658 circumspectionem,
943 1606 1151 1646 notitiam
1181 1613 1311 1659 status
1355 1613 1399 1645 et
1437 1610 1688 1659 temporum

347 1687 392 1721 et
419 1676 715 1731 ingeniorum.

756 1960 1088 2061 Caput
1180 1958 1264 2033 V.

339 2095 424 2153 De
453 2094 785 2153 Maecenatis
824 2098 883 2151 in
924 2095 1108 2153 literas
1141 2094 1411 2153 Romanas
1449 2097 1679 2152 meritis.

333 2331 577 2428 Superest
606 2382 655 2415 ut
680 2373 765 2416 hoc
804 2373 946 2429 capite
976 2372 1030 2413 de
1059 2373 1248 2423 meritis,
1305 2386 1413 2429 quae
1443 2373 1673 2415 Maecenas

327 2447 376 2487 in
394 2448 541 2488 literas
564 2448 778 2491 Romanas
802 2450 1018 2498 habuerit,
1044 2449 1260 2489 disseram.
1321 2448 1543 2502 Singulari
1568 2460 1673 2501 qua-

327 2516 428 2557 dam
459 2517 637 2558 fortuna
669 2521 854 2568 accidit,
915 2529 965 2560 ut
994 2521 1085 2560 eius
1113 2521 1193 2560 viri
1224 2532 1387 2561 nomen
1418 2521 1467 2559 in
1498 2530 1673 2572 prover-

323 2586 447 2627 bium
469 2587 622 2634 abiret,
656 2601 909 2643 omnesque,
942 2593 1016 2641 qui
1042 2590 1181 2630 literis
1209 2588 1461 2631 adiuvandi,
1492 2602 1671 2642 operam

322 2656 487 2705 darent,
518 2656 804 2699 Maecenates
834 2657 1169 2713 appellarentur.
1228 2658 1438 2714 (Martial.
1459 2662 1501 2706 8,
1532 2662 1599 2707 56,
1631 2663 1670 2704 5.

319 2724 437 2774 Sint,
468 2728 542 2777 ait,
567 2725 862 2775 Maecenates,
892 2744 980 2770 non
1015 2731 1211 2776 deerunt,
1241 2728 1410 2776 Flacca,
1440 2727 1669 2771 Maronee.
