1844 3211
474 254 557 313 28
704 256 709 262 ’
887 266 1393 312 MAECENATIANA.

528 377 757 425 „Catinus
791 380 1031 433 masculino
1068 386 1230 437 genere
1269 383 1450 434 dicitur-3
1487 394 1537 427 ut
1564 385 1798 429 Maecenas

471 448 521 490 in
550 449 744 492 decimo:

528 520 779 579 Inger-ibus,
807 523 888 572 ait,
905 521 1102 578 sumans
1129 523 1272 564 calido
1299 537 1397 565 cum
1411 524 1555 580 farre
1582 526 1770 568 catinus.

1109 653 1151 693 2.

581 730 759 783 Seneca,
788 730 984 787 Epistola
1014 734 1109 778 101.

480 855 484 860 η
524 802 615 852 „In
635 817 711 858 spe
739 803 975 845 viventibus
1003 802 1254 857 proximum
1292 801 1491 857 quodque
1513 810 1684 857 tempus
1709 803 1792 843 ela-

468 873 607 915 bitur:
639 874 838 929 subitque
869 875 1060 925 aviditas,
1093 882 1136 915 et
1163 875 1460 915 miserrimum
1488 883 1615 928 atque
1637 876 1790 916 miser-

467 946 583 985 rima
613 947 758 985 omnia
782 945 990 994 efficiens,
1022 954 1163 985 metus
1184 947 1350 985 mortis.
1407 946 1517 985 Inde
1538 947 1647 985 illud
1667 945 1792 987 Mae-

467 1019 633 1056 cenatis
661 1017 959 1068 turpissimum
990 1023 1155 1054 votum:
1195 1027 1278 1068 quo
1318 1024 1361 1055 et
1390 1015 1659 1056 debilitatem
1698 1029 1790 1056 nou

465 1094 659 1134 recusat,
703 1093 746 1123 et
777 1083 1118 1129 deformitatem,
1159 1093 1201 1123 et
1229 1086 1462 1125 novissime
1493 1094 1664 1126 acutam
1695 1099 1787 1127 cru-

462 1167 573 1203 cem,
605 1153 840 1194 dummodo
870 1154 986 1193 inter
1011 1151 1118 1192 haec
1148 1154 1261 1193 mala
1284 1156 1457 1209 spiritus
1481 1165 1754 1211 prorogetur:

632 1224 866 1274 „Debilem
894 1223 1028 1263 facito
1058 1235 1207 1273 manu,

632 1294 865 1343 „Debilem
894 1294 1024 1347 pede,
1057 1306 1187 1341 coxa3

627 1365 807 1413 „Tuber
836 1364 1007 1407 adstrue
1035 1364 1280 1417 gibberum,

626 1433 865 1482 „Lubricos
895 1443 1021 1488 quate
1051 1433 1212 1474 dentes.

627 1505 754 1551 „Vita
784 1504 888 1543 dum
920 1513 1130 1556 superest,
1162 1504 1275 1544 bene
1306 1513 1382 1547 est.

626 1575 780 1622 „Hanc
810 1573 945 1623 mihi,
977 1573 1044 1612 vel
1076 1583 1199 1613 acuta

625 1643 699 1690 ‚3Si
724 1644 890 1683 sedeam
922 1657 1072 1692 cruce,
1113 1640 1289 1682 sustine.
1308 1647 1336 1668 “

457 1713 583 1767 Quod
606 1716 903 1755 miserrimum
926 1722 1030 1760 erat,
1061 1715 1096 1753 si
1120 1714 1360 1764 incidisset,
1386 1724 1576 1769 optatur3
1609 1727 1650 1759 et
1670 1728 1776 1761 tam-

454 1797 582 1836 quam
615 1787 698 1824 vita
720 1786 891 1837 ‘petitur
931 1784 1129 1835 supplicii
1173 1798 1302 1823 mora.
1374 1786 1775 1831 contemtissimum

451 1862 665 1907 putarem,
699 1855 733 1894 si
765 1855 904 1893 vivere
926 1853 1052 1893 vellet
1086 1866 1220 1906 usque
1251 1855 1304 1894 ad
1332 1870 1515 1898 crucem.
1575 1859 1643 1899 Tu
1665 1875 1775 1911 vero,

447 1925 620 1978 inquit,
659 1939 729 1964 me
770 1925 969 1963 debilites
1000 1925 1126 1970 licet,
1168 1926 1274 1964 dum
1311 1929 1488 1978 spiritus
1520 1931 1566 1969 in
1598 1918 1776 1984 corpore

446 1996 580 2035 fracto
615 2006 656 2037 et
687 1996 836 2037 inutili
873 2005 1068 2036 maneat:
1112 1995 1312 2050 depraves
1343 1998 1467 2046 licet,
1506 1990 1611 2041 dum
1651 2015 1773 2042 mon-

447 2076 580 2107 stroso
619 2076 663 2107 et
701 2068 877 2107 distorto
917 2068 1122 2117 temporis
1160 2067 1323 2119 aliquid
1352 2069 1546 2110 accedat:
1598 2072 1772 2126 suffigas

444 2137 570 2185 licet,
611 2148 653 2178 et
682 2146 851 2177 acutam
895 2149 1059 2175 sessuro
1092 2150 1271 2177 crucem
1311 2137 1487 2177 subdas:
1538 2148 1602 2179 est
1643 2145 1770 2193 tanti,

444 2209 598 2250 vulnus
627 2223 751 2249 suum
775 2220 981 2261 premere,
1013 2214 1055 2246 et
1076 2207 1268 2259 patibulo
1294 2208 1482 2261 pendere
1505 2209 1770 2262 destrictum,

441 2281 543 2321 dum
576 2280 747 2321 differat
775 2279 820 2319 id
855 2276 967 2330 quod
998 2285 1060 2316 est
1089 2277 1137 2315 in
1176 2276 1301 2315 malis
1332 2279 1570 2329 optimum,
1611 2284 1769 2335 suppli-

442 2353 499 2391 cii
523 2352 671 2391 finem.
730 2350 804 2389 Est
825 2347 947 2391 tanti,
977 2345 1141 2385 habere
1163 2347 1369 2392 animam,
1392 2357 1440 2387 ut
1462 2362 1597 2403 agam.
1650 2352 1769 2403 Quid

439 2420 541 2462 huic
572 2431 712 2475 optes,
745 2420 828 2459 nisi
855 2418 953 2457 deos
982 2415 1161 2456 faciles?
1193 2415 1308 2468 Quid
1339 2417 1421 2458 sibi
1452 2419 1543 2459 vult
1571 2420 1649 2459 ista
1680 2435 1767 2462 car.

437 2493 568 2534 minis
600 2490 841 2532 effeminati
871 2487 1123 2539 turpitudo?
1178 2487 1293 2538 Quid
1333 2490 1502 2528 timoris
1531 2488 1765 2532 dementis·

436 2563 538 2604 simi
561 2560 738 2617 pactio?
771 2557 886 2610 Quid
915 2566 1005 2597 tarn
1035 2555 1161 2597 foeda
1186 2558 1295 2597 vitae
1324 2558 1620 2604 mendicatio?
1648 2562 1766 2608 Huic

434 2641 559 2687 putas
591 2642 780 2682 unquam
811 2629 1011 2666 recitasse
1043 2626 1289 2679 Virgilium,

636 2701 785 2754 Usque
816 2698 983 2739 adeone
1008 2699 1120 2738 mori
1149 2699 1355 2738 miserum
1388 2698 1482 2738 est?

435 2774 571 2828 Optat
599 2773 754 2815 ultima
784 2769 1025 2810 malorum:
1056 2777 1098 2809 et
1126 2781 1233 2821 quae
1255 2771 1344 2822 pati
1365 2772 1665 2825 gravissimum
1688 2784 1764 2828 est,
