1844 3211
472 224 979 271 MAECENATIANA.
1310 197 1389 256 21

63 358 109 398 iu
142 345 331 393 Senecae
362 353 513 401 pectus
544 338 828 381 descenderit.
897 334 1192 387 (Benueman.
1235 338 1276 378 p.
1308 323 1390 367 111

65 424 146 477 sq.)
186 421 448 461 Divitiarum
480 411 676 467 (propter
697 422 798 464 quas
818 408 916 446 fort.
942 404 1092 444 Horat.
1125 397 1301 436 beatum
1329 392 1391 431 di·

65 496 146 545 cit3
177 492 312 546 Epod.
344 492 387 536 9,
407 484 467 536 4.)
499 493 542 524 et
570 483 733 537 gloriae
761 490 887 520 causa
918 467 1223 528 philosophum
1255 461 1392 517 equiti

63 565 259 604 Romano
288 561 469 599 fortasse
499 553 772 595 maledixisse
802 548 925 601 ponit
954 542 1083 586 Diui,
1115 538 1172 589 (l.
1204 536 1231 575 l.
1261 547 1300 586 p.
1318 532 1389 585 1.)

63 633 153 674 Alii
182 631 265 670 alia
294 626 567 681 protulerunt
595 623 648 662 ad
677 618 969 661 incusandum
1001 612 1065 651 vel
1095 603 1390 649 excusandum

64 704 293 746 Senecam3
346 698 422 750 (cf.
453 696 663 736 Meiners.
692 688 948 731 Geschichte
977 685 1049 723 des
1085 677 1280 732 Verfalls
1309 674 1391 713 der

61 771 208 815 Sitten
237 772 370 824 p.300
382 765 485 820 sqq.)
514 764 634 803 cuius
657 769 796 798 mores
820 753 1013 806 profecto
1042 745 1237 798 ambigui
1266 747 1389 785 sunt3

62 836 124 883 ita
155 850 230 889 ut,
264 851 370 891 quae
400 839 479 875 iste
510 841 659 871 contra
687 827 991 868 Maecenatem
1022 831 1075 857 ex
1104 817 1254 855 animo
1283 810 1388 851 effu-

62 913 148 961 dit,
199 909 264 949 vel
292 901 606 961 probabilitatis
636 895 778 949 specie
810 901 955 930 carere
986 885 1224 926 videantur.
1283 880 1390 919 Loci

64 995 208 1037 sanet
254 979 405 1031 quibus
446 987 498 1014 ex
533 966 799 1011 Maecenatis
840 960 1004 1014 scriptis
1044 957 1183 996 utitur
1215 952 1390 999 Seneca,

64 1050 177 1093 nihil
218 1049 309 1088 fere
347 1045 550 1101 probant,
594 1039 694 1079 nisi
724 1033 856 1074 molle
889 1029 1099 1083 quoddam
1128 1024 1389 1077 ingenium3

63 1128 209 1172 etsut
237 1127 336 1158 sunt
365 1114 557 1167 excerpti
588 1124 641 1150 ex
668 1116 757 1148 tota
789 1103 1005 1147 oratione,
1046 1099 1105 1138 ita
1134 1098 1188 1137 iis
1219 1082 1283 1147 uti
1313 1104 1389 1131 nos

65 1202 156 1230 non
190 1188 337 1234 decet,
377 1193 428 1225 ut
456 1181 740 1236 quodcunque
769 1174 973 1217 velimus,
1012 1170 1117 1210 inde
1147 1173 1391 1219 arguamus.

67 1260 204 1310 (Diui
241 1272 282 1311 p.
315 1260 367 1301 11
397 1254 481 1308 sq.)
565 1251 708 1301 Quem
737 1248 786 1286 in
812 1242 1065 1282 Terentiam
1096 1247 1279 1277 uxorem
1310 1232 1388 1272 ha-

66 1330 162 1369 buit
198 1340 411 1371 amorem,
463 1335 519 1363 ne
558 1322 793 1370 vituperes,
846 1315 988 1353 immo.
1013 1308 1165 1349 laudes
1203 1311 1386 1357 oportet.

66 1399 195 1440 Vides
227 1398 431 1438 maritum
461 1405 585 1444 saepe
614 1388 667 1428 ab
698 1400 747 1426 ea
776 1391 1069 1426 commotum,
1097 1380 1158 1418 ita
1188 1385 1237 1416 ut
1266 1374 1389 1414 dissi-

67 1470 138 1510 dia
170 1478 213 1509 et
250 1466 429 1520 repudia
471 1464 714 1507 orirentur,
766 1456 840 1495 sed
872 1467 975 1493 mox
1002 1452 1213 1495 leni-tum,
1237 1485 1241 1493 ,
1265 1444 1390 1498 eique

66 1542 376 1593 ignoscentem.
442 1533 572 1573 Vides
604 1540 773 1582 quoque
803 1526 1052 1567 hominem,
1098 1519 1261 1559 morbis
1289 1515 1394 1555 affe·

70 1618 213 1656 ctum,
248 1608 377 1658 (Ptin.
398 1606 457 1645 H.
481 1603 534 1642 N.
564 1604 609 1647 7,
638 1603 705 1642 52,
727 1595 832 1647 (63.)
862 1593 963 1633 fin.:
993 1589 1263 1646 Quibusdam
1290 1600 1393 1637 per-

68 1688 201 1737 petua
218 1677 365 1733 febris
401 1683 489 1721 est,
520 1671 631 1711 sicut
662 1666 710 1708 C.
730 1663 994 1706 Maecenati.
1053 1659 1228 1703 Eidem,
1261 1656 1393 1695 trien·

72 1751 143 1791 nio
171 1760 391 1801 supremo,
447 1743 568 1783 nullo
598 1740 732 1780 horae
762 1742 973 1776 momento
1001 1730 1181 1781 contigit
1206 1733 1394 1767 somnus.

71 1820 124 1875 cf.
157 1817 307 1856 senec.
340 1816 391 1853 de
421 1811 586 1851 Provid.
616 1809 644 1847 l.
675 1807 721 1856 l.)
767 1806 837 1845 cui
864 1803 1055 1842 libenter
1088 1804 1215 1838 vitam
1246 1796 1392 1836 molli-

70 1889 208 1931 culam
246 1886 476 1928 condones.
554 1879 619 1919 Ad
659 1877 762 1922 hoc,
815 1874 889 1927 qui
923 1880 992 1915 ,tot
1034 1869 1218 1922 negotiis
1250 1874 1292 1905 et
1325 1866 1393 1913 iis,

53 1969 177 2015 *quae
207 1961 262 1999 ad
293 1955 607 2009 rempublicam
638 1953 853 2001 spectant,
893 1951 936 1982 et
964 1943 1040 1989 iis,
1080 1953 1187 1992 quae
1219 1937 1270 1976 ad
1299 1937 1396 1977 lite-

24 2086 28 2088 >
72 2047 135 2074 ras
178 2032 424 2085 pertinent,
483 2024 660 2063 obrutus
692 2024 808 2062 erat,
864 2012 1012 2067 quidni
1054 2008 1277 2050 interdum
1308 2006 1396 2046 otio

73 2116 149 2142 suo
178 2093 457 2152 indulgeret?
498 2093 654 2143 Neque
685 2087 794 2128 adeo
825 2086 873 2125 in
904 2092 968 2125 tot
998 2069 1183 2135 negotiis
1215 2080 1302 2119 otio
1332 2078 1397 2117 ni-

60 2174 163 2218 *mio
185 2185 227 2209 se
256 2169 412 2208 dedere
439 2163 484 2205 *ei
502 2163 672 2203 licuisse
696 2156 903 2209 suspicari
927 2154 1042 2193 licet.
1072 2151 1211 2204 (Dini
1231 2165 1269 2204 p.
1286 2147 1398 2198 101.)

73 2244 228 2294 Neque
257 2240 510 2281 Horatium,
550 2229 807 2283 Virgilium,
858 2224 987 2270 aliua,
1031 2222 1193 2268 bonos,
1243 2218 1400 2274 probos

75 2314 290 2356 homines,
322 2309 433 2348 tanti
455 2307 639 2344 facturos
659 2307 834 2349 tamque
856 2292 1092 2347 magnifice
1114 2290 1405 2331 celebraturos

76 2386 208 2426 fuisse
230 2381 357 2424 credo
378 2362 621 2418 hominem,
654 2368 823 2423 qualem
855 2363 983 2404 nobis
1015 2361 1200 2402 ostendit
1231 2359 1403 2399 Seneca.

77 2455 311 2497 Horatium
323 2461 422 2489 vero
437 2446 625 2486 videmus
649 2435 863 2481 celebrare
879 2442 921 2475 et
942 2433 1171 2488 publicare
1184 2432 1405 2471 luxuriam

78 2511 213 2566 amici
243 2519 397 2575 (Epodg
424 2522 464 2562 3.
496 2515 584 2567 14.)
640 2509 769 2552 Unde
796 2506 923 2547 haud
952 2508 1118 2561 inepte,
1152 2504 1304 2551 credo,
1337 2514 1407 2541 su-

82 2597 214 2649 ,picio
244 2594 406 2638 oritur,
457 2586 754 2629 Maecenatem
786 2585 877 2620 non
916 2578 1060 2627 ultro,
1108 2584 1152 2616 et
1179 2574 1298 2627 quod
1326 2571 1408 2623 ipsi

82 2664 318 2705 admodum
347 2657 569 2713 placuerit,
599 2652 788 2694 molliter
818 2662 861 2688 se
890 2650 1079 2701 gessisse,
1112 2646 1185 2685 sed
1217 2653 1264 2683 ut
1291 2639 1409 2696 apud

83 2734 301 2789 populum
332 2726 538 2784 principi,
565 2724 706 2765 amico
736 2733 825 2767 suo,
854 2720 1038 2773 gratiam
1070 2726 1198 2771 atque
1225 2715 1414 2755 favorem
