1844 3211
467 252 561 315 434
755 295 759 297 -
890 277 1398 323 MAECENATIANA.

647 380 767 422 'Nee
795 385 858 424 mi
888 386 1073 428 candida
1108 394 1338 446 margarita
1365 407 1539 447 quaero.

674 450 768 492 Nec
799 467 904 507 quos
937 466 1043 506 etc-,¹

476 513 731 562 Torrentius
763 536 861 564 vero
890 527 944 566 ad
976 527 1125 570 Horat.
1158 530 1237 573 Od.
1266 537 1317 582 2,
1351 539 1416 584 17,
1446 539 1511 582 9.=
1560 576 1562 578 .

676 591 851 646 Lugent
880 604 937 643 te,
969 611 1066 639 mea
1098 602 1193 648 vita,
1224 615 1306 643 nec
1334 606 1591 660 smaragdum

671 658 870 715 Beryllos
899 679 1056 719 neque,
1087 669 1245 711 Flacce
1273 675 1350 721 mi,
1380 678 1585 724 nitentes,
1617 684 1698 717 ete.

473 735 708 781 Scriverius
738 744 786 784 in
817 748 1024 791 Anecdot.
1056 753 1215 795 Philol.
1245 770 1280 797 c.
1313 761 1383 803 74.
1415 759 1614 822 legebat:

672 810 869 867 Beryllos
903 833 1084 874 quoque,
1116 824 1285 874 Flacce,
1317 841 1400 869 nec
1428 832 1619 870 nitentes

669 880 855 938 Semper
885 890 1059 933 candida
1089 899 1327 951 margarita·
1352 911 1524 953 quaero.

466 956 590 1001 Idem
618 963 667 1003 in
702 965 905 1010 editionis
935 973 1202 1019 Pithoeanae
1229 984 1429 1035 margine
1463 984 1676 1026 correxit:

666 1033 898 1089 Lucentes,
925 1056 1024 1084 mea
1054 1048 1152 1094 vita,
1184 1058 1228 1090 te
1258 1053 1505 1107 smaragdos

664 1101 862 1157 Beryllos
892 1123 1078 1165 quoque,
1107 1116 1275 1167 Flacce,
1306 1116 1404 1163 etc}

462 1180 544 1221 His
581 1191 729 1225 tamen
771 1190 962 1233 virorum
1005 1194 1229 1239 doctorum
1261 1203 1523 1246 coniecturis
1554 1209 1799 1261 praeferen-

462 1251 517 1291 da
561 1254 731 1297 videtur
770 1259 929 1302 Alciati
974 1268 1245 1316 emendatio,
1306 1285 1439 1324 quam
1486 1275 1614 1318 affert
1660 1276 1797 1320 Andr.

463 1322 667 1367 Schottus?
701 1327 878 1370 Observ.
906 1333 982 1375 lib.
1012 1336 1066 1375 Π.
1097 1351 1131 1376 c.
1165 1342 1233 1383 60.

659 1395 889 1447 Lucentes,
921 1415 1018 1443 mea
1050 1406 1146 1452 vita,
1177 1420 1259 1448 nec
1295 1413 1562 1467 smaragdos,

658 1463 857 1520 Beryllos
889 1471 1017 1520 mihi,
1047 1474 1220 1526 mance,
1252 1492 1335 1519 nec
1365 1484 1571 1534 nitentes,

657 1533 751 1575 Nec
782 1542 1070 1590 praecandida
1102 1551 1334 1602 margarita
1363 1566 1536 1606 quaero·

455 1610 545 1652 Ubi
586 1612 889 1660 Covarruviam
931 1621 1157 1679 Lugenti,
1204 1641 1248 1671 et
1288 1637 1474 1676 secundo
1518 1652 1640 1679 versu
1682 1643 1789 1684 mihi

454 1685 603 1735 mitte,
646 1686 788 1728 deleto
829 1689 989 1734 Flacci
1025 1700 1229 1745 nomine.
1276 1705 1478 1747 maluisse
1521 1708 1657 1758 addin
1706 1726 1790 1766 quo

453 1757 587 1795 etiam
620 1769 840 1811 expuncto
873 1761 1091 1808 Fontanus
1131 1771 1186 1810 ad
1218 1771 1414 1815 Mam-ob.
1456 1777 1630 1821 Saturn.
1659 1786 1714 1834 2,
1743 1788 1787 1831 4.

449 1838 489 1879 p.
519 1829 617 1871 612.
651 1820 934 1872 conficiebat:
1493 1897 1508 1908 J

648 1897 836 1950 Lugent,
868 1915 892 1940 ο
925 1909 1019 1945 mea
1048 1909 1149 1957 vita,
1178 1919 1223 1950 te
1253 1916 1518 1971 smaragdus,

644 1966 832 2009 Berillus
863 1985 1034 2027 quoque
1061 1986 1104 2017 et
1132 1979 1251 2032 ipse3
1283 1996 1365 2024 nec
1395 1988 1586 2031 nitente·

647 2036 813 2091 Nuper,
846 2044 1022 2084 candida
1052 2052 1300 2102 margarita,
1334 2069 1505 2108 quaero.

446 2103 520 2143 aed
550 2105 597 2145 in
628 2106 811 2149 Omissis
843 2124 882 2164 p.
910 2116 1006 2158 688.
1036 2118 1129 2169 ipse
1163 2133 1249 2161 non
1282 2126 1471 2168 multum
1506 2129 1614 2172 huic
1641 2132 1781 2178 hario-

445 2174 600 2216 lationi
631 2178 801 2218 videtur
830 2183 1034 2224 tribuere.
1095 2187 1327 2233 Salmasius
1359 2197 1415 2235 ad
1445 2198 1610 2253 Vopisc.
1641 2204 1780 2247 Aure-

444 2243 546 2286 lian.
579 2260 612 2288 c.
643 2252 710 2292 50.
742 2252 970 2292 emendat:

646 2316 874 2368 Lucentes,
907 2338 1004 2364 mea
1034 2327 1135 2377 vita,
1168 2343 1249 2370 neo
1277 2341 1539 2395 smxaragdose

639 2387 835 2439 Bet-illos,
867 2394 1035 2443 Flacce‚
1066 2411 1149 2438 nec
1185 2402 1398 2449 nitentes:

639 2456 731 2498 Nee
762 2466 1027 2518 percandida
1058 2477 1139 2509 etc.

434 2536 720 2593 Demptterus
752 2545 797 2583 in
831 2545 973 2589 Etrur.
1004 2549 1108 2604 Reg.
1139 2557 1179 2600 3,
1203 2560 1278 2601 -28,
1311 2572 1351 2611 p.
1383 2564 1495 2607 315:

631 2610 806 2666 Lugent
836 2623 879 2654 te
908 2631 1009 2658 mea
1041 2622 1138 2667 vita,
1171 2610 1250 2665 nec
1281 2632 1537 2685 smaragdus

628 2679 818 2722 Berillus
849 2698 1029 2739 quoque,
1063 2691 1232 2739 Flacce‚
1264 2711 1347 2739 nec
1377 2703 1565 2748 nitente·

626 2749 757 2792 Nunc
783 2766 861 2808 per
891 2757 1075 2800 candida
1106 2769 1340 2819 margarita
1372 2785 1565 2826 quaero-1
