1844 3211
426 272 469 334 4
837 290 1343 329 MAECENATIANA.

433 400 613 440 aliunde
652 409 783 455 petas.
824 416 856 438 v.
890 402 984 441 eius
1023 401 1122 441 libr.
1154 401 1206 441 de
1239 402 1365 441 Virili
1392 409 1529 441 aetate
1563 402 1761 454 Linguae

433 470 527 511 Lat.
565 475 600 514 1.
632 485 672 524 p.
707 474 801 515 157.
852 469 903 511 cf.
945 470 1192 523 Dempster.
1236 471 1303 511 De
1332 471 1505 511 Etruria
1535 471 1689 525 Regali
1718 474 1760 517 2,
1828 474 1832 479 ’

436 546 504 586 55.
534 539 699 582 Gorius
728 541 1033 593 Inscriptiones
1066 541 1238 593 Antiqq.
1270 542 1429 580 Arretii
1459 540 1510 586 T.
1535 545 1576 584 2.
1606 555 1646 593 p.
1674 544 1760 585 271
1829 544 1831 546 ’

437 625 523 664 sqq.
592 610 722 652 Saxii
753 609 1014 651 Onomastic.
1054 610 1101 649 P.
1136 613 1172 653 1.
1216 622 1255 661 p.
1289 613 1409 668 176.-
1451 611 1508 650 lis
1550 622 1761 663 quosne·

437 681 602 718 minavi
628 679 837 718 accedunt
865 679 1047 719 Masson
1075 680 1123 717 in
1152 679 1237 716 vita
1262 678 1449 726 Horatii,
1481 688 1525 719 et
1551 678 1763 722 W'ieland
1830 699 1832 701 >

437 750 487 789 ad
507 749 675 789 Horatii
700 748 926 789 Sermones
958 755 1002 787 et
1036 746 1259 801 Epistulas.
1317 748 1437 789 Alios
1467 763 1543 790 suo
1575 761 1761 804 quosque

439 821 534 861 loeo
565 820 764 861 laudabo.

855 1067 1183 1171 Caput
1275 1068 1357 1135 Π.

661 1194 986 1262 Maecenatis
1055 1200 1172 1252 vita
1233 1210 1287 1253 et
1354 1216 1547 1253 morea

775 1459 821 1522 g.
864 1472 906 1517 1.
976 1464 1277 1510 Maecenatis
1312 1465 1424 1510 vita.

441 1550 580 1631 Inter
607 1600 757 1628 omnes
779 1598 941 1629 veteres
964 1590 1189 1642 scriptores
1217 1591 1432 1639 convenit,
1465 1588 1765 1631 Maecenatem
1830 1629 1833 1636 ,

440 1657 572 1697 fuisse
619 1659 714 1697 loco
755 1662 949 1712 equestri.
1000 1660 1179 1711 (Horat.
1218 1658 1356 1698 Carm.
1389 1662 1438 1706 1,
1470 1663 1551 1706 20,
1582 1664 1621 1703 5.
1662 1659 1764 1712 ibiq.
1835 1680 1838 1687 2

439 1728 723 1782 Porphyrion.
746 1728 870 1777 3,16,
893 1734 963 1773 20.
993 1728 1140 1778 Clare,
1174 1727 1416 1775 Maecenas,
1446 1742 1596 1781 eques;
1626 1727 1765 1770 Maec.
1830 1732 1834 1738 ‘

436 1801 633 1852 equitum
664 1801 805 1840 decus.
861 1799 1051 1851 Propert.
1083 1798 1199 1852 Eleg.
1229 1803 1270 1844 3,
1298 1802 1338 1843 9,
1371 1802 1406 1841 1.
1451 1796 1592 1837 Maec.
1624 1811 1763 1850 eques.
1835 1807 1837 1809 ’

436 1871 589 1911 Vellei.
621 1871 785 1910 Patere.
814 1874 856 1916 2,
886 1873 956 1913 88.
1011 1866 1060 1910 C.
1082 1866 1223 1908 Maec.
1255 1868 1445 1921 equestri
1472 1868 1545 1906 sed
1572 1867 1762 1919 splendi-
1837 1893 1838 1897 =

434 1941 490 1981 do
518 1954 679 1995 genere
706 1949 850 1981 natus.
907 1939 1041 1979 Tacit.
1071 1938 1225 1978 Annal.
1258 1942 1298 1987 6,
1332 1942 1399 1982 11.
1448 1935 1563 1978 Ciln.
1595 1935 1763 1978 Maece·
1830 1955 1836 1979 1,

434 2021 583 2051 uatem
612 2012 829 2064 equestris
866 2011 1043 2051 ordinis.
1095 2009 1280 2050 Martial.
1325 2008 1472 2062 Epigr.
1504 2011 1581 2055 10,
1611 2011 1690 2056 73,
1721 2010 1762 2052 4.
1827 2006 1832 2031 ’ἵ

436 2085 502 2124 12,
531 2085 571 2126 4,
603 2086 643 2125 2.
674 2080 814 2121 Maec.
846 2079 1141 2122 Caesarianus
1169 2093 1320 2133 eques3
1353 2078 1493 2119 Maec.
1521 2079 1665 2117 atavis
1694 2093 1763 2119 re-

431 2151 560 2203 gibus
591 2160 712 2190 ortus
740 2161 882 2202 equeS.
912 2153 954 2198 8,
985 2152 1050 2192 56.
1101 2148 1220 2189 Risit
1256 2145 1419 2188 Tuscus
1448 2147 1613 2200 Eques.
1673 2148 1759 2188 Dio
1827 2148 1838 2170 ‘³'

434 2219 546 2259 Cass.
577 2224 650 2267 51,
678 2223 718 2263 3.
742 2223 812 2267 55,
842 2220 882 2261 7.
912 2216 961 2256 Ὁ
984 2219 1160 2268 Καῖσαρ
1191 2215 1419 2270 φοβηθεὶς,
1451 2214 1506 2269 μὴ
1536 2218 1620 2255 τοῦ
1641 2218 1760 2256 Μαι·
1828 2214 1832 2255 ζ

429 2286 559 2335 κήνου
581 2311 615 2319 —·
638 2284 1040 2342 καταφρονήσει-ιω,
1086 2283 1162 2325 ὅτι,
1192 2284 1350 2333 ἱππεὺς
1380 2284 1455 2335 ἦν,
1486 2301 1522 2326 κ.
1557 2302 1597 2326 τ.
1633 2288 1673 2328 λ.
1704 2309 1761 2318 -
1829 2308 1831 2312 ’

428 2356 504 2397 καὶ
535 2359 667 2398 ἱππεῖ
696 2358 821 2410 αὐτῷ
852 2354 991 2410 ὄντι.)
1037 2357 1222 2397 Maiores
1252 2367 1398 2397 autem
1429 2360 1519 2399 eius
1550 2359 1757 2403 nobiliori

428 2427 664 2479 aliquando
703 2430 750 2466 in
791 2427 962 2467 Etruria
1004 2428 1101 2467 loco
1130 2428 1215 2467 orti
1247 2437 1382 2470 erant.
1425 2430 1585 2482 (Horat
1614 2431 1756 2472 Carm.
1829 2417 1838 2473 ἕ,

427 2501 466 2544 1,
501 2502 538 2546 1,
572 2501 607 2541 1.
648 2501 689 2544 3,
721 2501 793 2545 29,
824 2502 860 2541 1.
900 2496 1044 2539 Maec.
1081 2499 1225 2538 atavis
1257 2499 1370 2539 edite
1406 2500 1594 2552 regibus.
1645 2499 1756 2555 Tyr·
1824 2486 1832 2532 ἶ

423 2570 564 2610 rhena
605 2582 760 2621 regum
788 2570 1029 2620 progenies.
1082 2568 1219 2607 Serm.
1256 2572 1297 2615 1,
1326 2572 1368 2615 6,
1401 2572 1439 2612 1.
1472 2568 1595 2614 Νοη,
1636 2572 1758 2624 quia,
1824 2578 1828 2583 ’

419 2637 586 2685 Maec„
618 2634 876 2691 Lydorum,
918 2638 1133 2691 quidquid
1163 2636 1378 2678 Etruscos
1413 2636 1607 2677 Incoluit
1624 2640 1755 2694 finis,
1833 2661 1843 2689 25

417 2721 544 2749 nemo
571 2707 819 2761 generosior
848 2715 909 2745 est
939 2715 1005 2753 te,
1046 2706 1160 2752 Nec,
1201 2709 1317 2759 quod
1344 2719 1455 2747 avus
1486 2707 1568 2747 tibi
1593 2718 1754 2750 mater·

415 2771 500 2818 niis
514 2778 622 2833 fuit
651 2785 785 2830 atque
812 2785 1027 2830 paternus
1045 2785 1067 2827 ,’
1116 2775 1233 2818 Olim
1264 2779 1342 2832 qui
1371 2778 1542 2831 magnis
1570 2780 1752 2835 legioni·
1832 2783 1842 2837 J
