1844 3211
359 244 444 309 46
782 264 1293 304 MAECENATIANA.

360 383 505 416 vetur.
534 397 593 407 —
618 375 686 416 Aa
715 376 970 428 exemplum
999 377 1181 416 tertium
1212 375 1432 429 Spalding.
1465 374 1572 415 hae'c
1601 373 1700 415 fere
1725 365 1728 369 ’

359 447 732 486 ιιιηοιενίιι»Ηοο
762 446 1015 499 exemplum
1041 445 1162 485 male
1188 459 1260 486 me
1290 445 1451 493 habet,
1480 458 1555 493 eo,
1586 445 1701 499 quod

360 516 661 556 miserrimum
693 516 881 566 dicitur,
933 530 990 556 ne
1019 518 1220 569 exequias
1252 517 1429 570 quidem
1460 530 1554 557 suas
1584 518 1699 557 vide-

359 597 420 625 re.
481 588 552 626 An
595 588 811 626 sententia
852 587 1074 626 occultum
1114 585 1245 626 habet
1287 586 1353 626 vel
1393 585 1593 626 aculeum
1634 585 1700 625 vel

359 654 526 694 salem?
583 657 909 711 Intelligerem,
940 657 1000 705 ei,
1030 656 1175 696 deleto
1204 657 1407 710 quidem,
1438 656 1700 697 scriberetur

359 737 449 765 non
477 732 573 778 post
606 739 675 768 ne.

933 874 939 886 ⁴
995 856 1063 898 15.

412 945 581 988 Seneca
610 948 664 988 de
692 947 926 989 Beneficiis
956 948 1028 995 IV,
1060 951 1131 993 36.

348 997 359 1017 Q

355 1028 443 1079 „Si
475 1031 609 1071 maius
640 1032 723 1071 erit
754 1028 1072 1085 (promissum),
1109 1044 1197 1071 non
1221 1033 1491 1074 committam
1518 1032 1695 1088 (quem-

352 1101 590 1141 admodum
631 1100 869 1142 Maecenas
897 1100 985 1151 ait)
1026 1109 1074 1140 ut
1116 1103 1312 1140 sestertio
1352 1105 1513 1143 centies
1545 1104 1693 1144 obiur-

353 1172 517 1226 gandus
557 1174 680 1212 sim.“
751 1173 913 1224 Argute
953 1169 1183 1210 Maecenas
1225 1171 1345 1210 nolle
1384 1186 1427 1211 se
1468 1173 1691 1229 obiurgari

351 1248 476 1282 tanto
504 1242 747 1296 impendio,
776 1241 820 1281 id
850 1251 925 1287 est,
954 1241 1083 1280 rebus
1114 1242 1232 1294 ipsis,
1265 1256 1354 1281 non
1385 1244 1538 1300 verbis.
1568 1242 1693 1298 Lips.

350 1333 408 1343 -
437 1312 650 1355 Donatus
679 1316 748 1353 vit.
780 1313 933 1366 virgil.
960 1316 1029 1357 18,
1050 1316 1144 1356 71.:
1175 1311 1429 1359 Maecenas,
1460 1313 1592 1369 Quid,
1623 1316 1695 1355 in·

350 1385 456 1438 quit,
493 1383 662 1438 Virgili,
692 1386 942 1425 satietatem
972 1383 1140 1422 homini
1159 1397 1244 1422 non
1273 1381 1445 1435 affert?
1477 1383 1693 1425 Omnium

350 1466 514 1499 rerum,
546 1453 769 1505 respondit
800 1452 1062 1504 (Virgilius),
1092 1460 1167 1491 aut
1197 1453 1453 1501 similitudo,
1480 1463 1556 1494 aut
1581 1454 1697 1495 mul·
1721 1443 1731 1446 “

347 1524 486 1565 *titudo
517 1523 794 1564 stomachum
824 1522 930 1561 facit
959 1529 1125 1573 praeter
1148 1522 1410 1575 intelligere.
1468 1524 1594 1563 Idem
1623 1525 1692 1564 in-

347 1594 598 1646 terr‘gavit:
652 1584 749 1646 Quo
786 1600 914 1642 pacto
953 1590 1051 1643 quis
1094 1592 1232 1631 altam
1248 1587 1690 1649 felicemque-fortu-

346 1674 452 1703 nam
482 1675 663 1703 servare
691 1656 867 1714 potest?
901 1658 987 1699 Cui
1020 1658 1167 1699 Maro:
1198 1651 1247 1707 si,
1277 1673 1489 1714 quantum
1520 1664 1693 1705 honore

346 1743 398 1771 ac
429 1731 587 1772 divitiis
623 1732 720 1773 aliis
752 1731 1041 1786 praestantior
1075 1730 1154 1781 sit,
1194 1739 1316 1773 tanta
1345 1733 1613 1777 liberalitate
1645 1734 1719 1776 et*

344 1804 510 1844 iustitia
541 1804 648 1845 alios
680 1815 882 1857 superare
913 1802 1090 1843 nitatur.

766 2016 845 2061 VI.
916 2003 1253 2077 symposium.

981 2156 1047 2198 16.

395 2248 584 2293 Servius
617 2251 670 2291 aa
700 2249 852 2303 virgil.
882 2249 996 2288 Aen.
1028 2251 1069 2296 8,
1099 2217 1213 2293 310.-

337 2333 557 2387 „Physici
597 2334 756 2374 dicunt
795 2346 848 2372 ex
877 2332 981 2371 vino
1023 2331 1274 2371 mobiliores
1307 2333 1454 2375 oculos
1485 2335 1594 2378 fieri.
1624 2360 1682 2370 —-

335 2403 433 2444 Hoc
474 2405 609 2444 etiam
642 2405 873 2444 Maecenas
903 2404 951 2443 in
985 2401 1247 2456 Symposio,
1286 2403 1365 2445 ubi
1396 2405 1605 2461 Virgilius
1638 2404 1715 2448 et‘

334 2475 538 2516 Horatius
569 2477 894 2523 interfuerunt,
927 2488 1029 2514 cum
1061 2487 1115 2512 ex
1146 2486 1351 2526 personae
1383 2475 1595 2515 Messalae
1625 2478 1680 2516 de

335 2546 434 2585 vino
465 2546 735 2599 loqueretur,
775 2547 858 2586 ait:
904 2541 1000 2586 Aut
1036 2543 1084 2583 id
1113 2558 1136 2584 e
1170 2558 1211 2583 m
1245 2545 1375 2584 uinor
1399 2544 1422 2570 *
1453 2542 1681 2587 ministrat

318 2613 486 2668 faciles
520 2617 681 2662 oculos,
710 2615 966 2666 pulchriora
994 2613 1142 2654 reddit
1170 2616 1338 2659 omnia,
1368 2624 1412 2654 et
1441 2615 1583 2654 dulcis
1611 2616 1677 2654 iu-

332 2695 488 2726 ventae
528 2668 884 2727 reducffih.“
943 2682 1128 2723 Bentlei.
1172 2682 1224 2722 ad
1262 2683 1411 2724 Horat.
1454 2682 1598 2725 Carm.
1630 2688 1675 2735 3,

332 2758 405 2802 21,
437 2760 504 2800 13.
536 2757 751 2804 coniecit,
784 2753 1020 2807 legendum
1055 2767 1174 2794 esse:
1211 2755 1296 2794 ait:
1332 2754 1392 2796 Id
1419 2764 1465 2796 et
1494 2757 1542 2797 in
1571 2758 1675 2796 vino
