1844 3211
502 279 1007 327 MAECENATIANA.
1157 272 1167 297 2'
1370 267 1418 326 9

97 388 337 441 Augustum
368 394 412 427 et
439 390 617 429 consilio
659 398 702 430 et
738 391 865 432 rebus
893 391 1021 445 gestis
1050 388 1281 431 adiuvaret.
1338 388 1417 436 Ita,

97 461 134 500 oi
161 458 384 511 Propertio
415 468 458 498 et
489 461 659 501 Auctori
690 462 863 516 Elegiae
892 462 1025 501 fidem
1056 460 1156 499 dare
1184 460 1310 507 velis,
1359 460 1415 499 vi-

98 527 196 568 deas
220 528 522 570 Maecenatem
551 529 786 572 Octaviano
815 533 862 572 in
894 517 1010 571 bello
1030 529 1285 576 Mutinensi,
1314 517 1418 569 Ph‘i-

96 601 308 654 lippensi‚
336 600 544 641 Perusino
574 612 616 643 et
644 602 789 643 Siculo
819 602 874 642 ad
910 602 1018 642 latus
1048 614 1159 648 esse3
1206 599 1416 651 (Propert.

97 675 150 719 2,
181 675 232 719 1,
262 673 317 713 26
353 684 436 723 sqq.
497 672 613 722 Nam
652 676 815 726 quoties
854 672 1099 718 Mutinam,
1147 680 1228 711 aut
1269 670 1419 710 civilia

97 740 225 780 busta
255 736 499 793 Philippos,
548 740 644 782 Aut
681 757 885 782 canerem
915 742 1089 797 Siculae
1120 741 1304 780 classica
1333 739 1419 779 bel-

98 811 144 849 la
158 809 327 863 fugae,
359 810 604 851 Eversosve
621 812 749 865 focos
776 813 985 862 antiquae
1012 811 1155 862 gentis
1182 807 1417 857 Etruscae,

97 875 195 921 Aut
215 876 515 919 Ptolemaee'ae
545 881 681 920 litora
708 888 838 931 capta
866 875 1020 924 Phari,
1051 875 1144 917 Aut
1171 890 1323 916 canere
1351 878 1420 916 in-

62 946 69 948 *
98 950 282 1001 ciperem
308 959 354 990 ‘et
381 949 543 995 Nilum,
571 963 669 989 cum
701 958 867 990 tractus
897 948 943 988 in
974 947 1127 987 urbem
1146 943 1316 999 Septem
1346 959 1417 986 ca-

98 1019 231 1072 ptivis
258 1019 411 1058 debilis
440 1019 532 1058 ibat
559 1020 706 1072 aqui-5,
755 1018 821 1060 Et
850 1032 1005 1071 regum
1033 1017 1208 1058 auratis
1234 1018 1419 1057 circum-

44 1116 46 1119 ψ
99 1089 207 1128 data
235 1090 345 1128 colla
375 1090 548 1144 catenis,
577 1085 793 1143 Actiaque
821 1091 867 1129 in
889 1084 1033 1130 Sacra
1062 1102 1244 1129 currere
1274 1097 1420 1128 rostra

98 1158 195 1204 via,
250 1154 307 1198 Te
337 1156 535 1208 (Maec.)
566 1172 661 1198 mea
690 1157 826 1198 Musa
854 1159 942 1197 illis
970 1170 1138 1209 semper
1171 1166 1420 1198 contexeret

100 1229 265 1278 armis,
310 1227 371 1269 Et
397 1237 542 1268 sumta
570 1238 612 1268 et
639 1230 778 1281 posita
806 1241 913 1278 pace
926 1227 1065 1281 fidele
1093 1236 1236 1277 caput.
1294 1228 1419 1266 Auct.

98 1295 215 1348 Eleg.
253 1298 310 1340 41
342 1310 425 1349 sqq.
503 1296 641 1337 Illum
669 1294 853 1347 (Maec.)
892 1297 1046 1349 piscosi
1072 1297 1421 1349 videruntsaaea

99 1361 250 1406 Pelori
277 1364 460 1418 Ignibus
489 1367 654 1407 hostilis
682 1367 867 1407 reddere
896 1367 1021 1419 ligna
1051 1368 1173 1407 ratis.
1230 1363 1420 1408 Pulvere

99 1435 147 1478 in
175 1434 388 1476 Emathio
396 1437 565 1491 fortem
593 1437 745 1476 videre
767 1433 968 1487 Philippi.
1027 1433 1170 1490 Quam
1200 1450 1316 1476 nunc
1344 1436 1420 1477 ille

101 1513 250 1553 tener,
294 1514 384 1545 tam
413 1506 565 1559 gravis
593 1505 723 1544 hostis
751 1512 859 1543 erat.
920 1501 1033 1544 Cum
1049 1504 1187 1558 freta
1218 1503 1421 1546 Niliacae

102 1583 313 1624 texerunt
341 1576 435 1614 lata
461 1575 662 1620 carinae,
694 1571 843 1614 Fortis
872 1582 972 1614 erat
1005 1574 1193 1621 circum,
1209 1575 1352 1629 sortis
1378 1583 1422 1616 et

100 1652 203 1684 ante
231 1645 411 1694 ducem.)
461 1656 541 1682 nec
572 1656 658 1682 non
688 1644 878 1683 Actiaco.
909 1642 1118 1696 (Propert.
1149 1644 1175 1683 l.
1206 1643 1234 1683 1.
1270 1644 1421 1683 Horat.

101 1712 233 1766 Epod.
266 1718 307 1761 1,
338 1718 374 1758 1.
431 1713 525 1755 Ibis
552 1710 766 1755 Liburnis
795 1715 913 1755 inter
940 1715 1034 1754 alta
1061 1715 1267 1759 navium,
1298 1710 1423 1754 Ami-

102 1797 161 1830 ce,
190 1785 534 1837 propugnacula,
566 1780 759 1824 Paratus
789 1799 914 1824 omne
938 1782 1140 1825 Caesaris
1165 1784 1423 1837 periculum,

103 1851 277 1899 Subire,
307 1851 472 1899 Maec,
501 1855 606 1892 tuo?
636 1852 754 1907 Quid
783 1855 892 1894 nos?
934 1854 1011 1893 ubi
1041 1868 1074 1893 v.
1106 1862 1253 1893 tamon
1282 1856 1422 1906 intpp.

105 1918 351 1976 (Torreat.)
389 1935 494 1962 mox
522 1922 676 1963 Vellei.
729 1923 911 1963 Masson.
942 1925 1015 1964 vit.
1045 1924 1191 1964 Horat.
1222 1938 1261 1977 p.
1296 1923 1422 1976 143.).

102 1989 166 2029 Eo
209 1992 508 2030 intercedente
548 1995 760 2045 Augustus
799 1995 1068 2035 Scriboniam
1114 1998 1161 2035 in
1200 1997 1424 2037 matrimo-

102 2060 227 2101 nium
258 2058 407 2112 duxit3
444 2059 647 2115 (Appian.
680 2063 732 2103 de
766 2064 865 2104 bell.
896 2064 1043 2112 Cim-5,
1066 2070 1135 2111 53.
1180 2065 1422 2107 Ἐπέστελ-

104 2130 155 2170 λε
184 2128 405 2182 Μαικήνᾳ,
440 2130 692 2170 συνθέσθαι,
712 2132 955 2187 Σκριβωνίᾳ
984 2138 1040 2188 τῇ
1071 2133 1265 2187 Λίβωνος
1297 2135 1423 2176 ἀδελ-

103 2201 188 2255 φῇ,
236 2202 321 2238 τοῦ
358 2198 615 2248 κηδεύοντος
652 2199 898 2255 Πομπηΐῳ,
958 2199 1010 2243 ἵν’
1040 2199 1140 2258 ἔχοι
1182 2203 1257 2243 καὶ
1294 2202 1422 2251 τήνδε

106 2266 310 2323 ἀφὸρμὴν
340 2268 379 2316 ἐς
409 2268 657 2319 διαλύσεις,
697 2273 734 2310 εἰ
764 2270 939 2318 δεήσειε.
998 2273 1087 2313 Καὶ
1115 2272 1367 2328 πυθόμενος
1397 2274 1420 2315 ὁ

104 2337 276 2393 Λίβων,
327 2336 571 2380 ἐπέστελλε
628 2346 727 2389 τοῖς
756 2339 959 2391 οἰκείοις,
1001 2342 1164 2400 ἐγγυᾷν
1190 2342 1331 2392 αὐτὴν
1358 2346 1425 2398 τῷ

104 2408 302 2465 Καίσαρι
330 2409 603 2465 προθύμως.)
634 2421 776 2465 atque,
809 2413 990 2454 Octavia
1019 2417 1211 2457 Antonio
1243 2416 1420 2470 despon-

107 2497 150 2525 sa
171 2482 434 2527 ‚Octavianus
466 2490 509 2522 et
536 2483 747 2524 Antonius
776 2482 825 2523 in
854 2485 1038 2536 gratiam
1066 2485 1315 2533 redierunt,
1345 2499 1421 2526 no-

108 2557 251 2609 visque
291 2554 446 2593 exortis
487 2553 798 2598 simultatibus,
825 2556 1007 2595 iterum
1050 2570 1200 2609 pacem
1237 2558 1423 2597 restituit

107 2625 351 2667 Maecenas.
418 2619 631 2676 (Appian.
661 2624 689 2663 1.
720 2623 746 2664 l.
777 2626 845 2668 64.
877 2628 947 2670 92.
977 2629 1047 2672 93.
1104 2623 1188 2665 Ὠν
1228 2625 1251 2666 ὁ
1288 2640 1422 2681 στρα-

107 2688 186 2743 τὸς
214 2695 237 2734 ὁ
259 2688 352 2733 ‘wia‘
385 2691 609 2746 Καίσαρος
638 2690 984 2748 αἰσθανόμενοι,
1015 2680 1221 2750 πρέσβεις
1245 2697 1422 2736 εἵλοντο

109 2763 216 2815 τοὺς
245 2759 412 2811 αὐτοὺς
451 2760 491 2812 ἐς
521 2760 826 2819 ἀμφοτέρᾱυς·
876 2759 919 2803 οἲ
956 2762 1019 2818 τᾲ
1056 2762 1134 2818 μὲν
1164 2763 1422 2820 ἐγκλήματα
