1844 3211
443 208 945 276 ΜΑΕΟΕΝΑΤῙΑΝΑ.
1272 185 1358 253 29,

41 342 216 390 extendi
252 352 303 380 ac
334 336 545 380 vsustineri
581 333 709 388 cupit.
776 329 874 382 Qua
911 317 1140 367 mercede?
1178 315 1355 367 Scilicet

40 418 149 469 vitae
183 411 401 465 longioris.
469 403 582 460 Quid
619 411 782 451 autem,
803 399 932 440 huius
963 395 1104 436 vivere
1139 389 1229 429 est?
1279 385 1357 426 diu

40 486 163 530 mori.
230 482 453 523 Invenitur
491 478 669 531 aliquis,
722 473 799 527 qui
834 468 959 510 malit
993 466 1112 506 inter
1149 455 1359 511 supplicia

39 556 269 604 tabescere,
299 561 342 593 et
359 545 835 606 periremembratim,
862 547 906 580 et
933 537 1060 578 toties
1085 544 1164 587 per
1190 525 1361 570 sti-llici-

41 628 112 668 dia
140 628 338 666 amittere
367 624 572 667 animam,
596 630 726 672 quam
755 612 888 653 semel
919 603 1145 648 exhalare?
1185 598 1359 641 Inveni·

40 707 133 744 tur,
173 696 246 747 qui
275 693 377 734 velit
413 691 583 733 adactus
612 687 667 728 ad
705 683 813 725 illud
841 678 998 721 infelix
1027 676 1226 728 lignum,
1272 669 1364 709 iam

43 766 215 815 debilis,
245 766 334 805 iam
363 775 530 818 pravus,
562 768 606 798 et
633 760 681 797 in
710 753 888 794 foedum
918 747 1189 799 scapularum
1218 755 1267 782 ac
1288 752 1363 794 pe-

45 839 172 881 ctoris
192 837 319 896 tuber
350 837 495 882 elisus,
523 832 592 872 cui
621 826 783 869 multae
803 817 1022 862 moriendi
1051 827 1201 856 causae
1230 813 1363 853 etiam

45 913 150 952 citra
190 921 363 949 crucem
404 906 579 944 fuerant
615 897 789 938 trahere
829 892 1022 931 animam
1051 894 1118 925 tot
1145 892 1366 924 tormenta

43 988 279 1021 tracturam
294 974 351 1016 ZW
396 975 561 1014 Iustam
590 963 853 1009 Maecenatis
891 957 1193 999 defensionem
1231 965 1256 992 a
1287 963 1365 991 na-

45 1058 141 1091 tura
171 1049 339 1101 poeseos
369 1045 535 1099 lyricae
565 1040 656 1095 peti
684 1047 831 1090 posse,
877 1037 990 1070 recte
1019 1025 1073 1066 ad
1102 1024 1144 1063 h.
1174 1022 1202 1063 l.
1233 1032 1368 1061 anno-

45 1121 147 1161 tavit
175 1115 392 1168 Ruhkopf.
421 1128 461 1167 p.
485 1115 581 1157 273.
643 1107 848 1147 Ceterum
877 1100 955 1140 hos
986 1094 1248 1137 Maecenatis
1280 1104 1367 1131 ver-

48 1203 114 1231 sus
155 1187 354 1239 Scaliger.
390 1185 439 1225 in
477 1182 608 1235 Epist.
638 1173 836 1218 XXXIII.
875 1170 927 1212 ad
972 1166 1206 1208 Pithoeum
1245 1162 1367 1218 Ithy-

48 1259 256 1316 phallicos
286 1268 376 1296 esse
406 1262 450 1294 et
478 1254 542 1293 sic·
568 1241 892 1290 constituendos
922 1246 1090 1279 censett

159 1327 367 1368 Debilem
397 1335 787 1353 —————
816 1323 920 1352 coxa

166 1397 338 1445 Tuber,
367 1393 536 1434 adstrue
565 1410 621 1418 —-
649 1407 705 1415 —-
732 1384 894 1423 dentes.

160 1469 259 1508 Vita
288 1480 673 1494 —————
703 1462 827 1494 acuta

165 1537 351 1584 Subdas‚
380 1555 437 1564 ——
457 1553 519 1564 2—-
547 1551 603 1561 -
631 1536 758 1566 cruce
800 1520 824 1548 *
846 1519 871 1544 *

56 1680 107 1721 sii
138 1686 227 1718 not.
258 1677 310 1716 ad
340 1675 511 1715 Petron.
543 1683 577 1719 c,
606 1670 677 1712 43.
710 1677 747 1717 p.
782 1663 877 1707 197.
938 1655 1116 1701 Debilis
1143 1665 1275 1701 coxa,
1303 1664 1377 1704 pe·

56 1752 124 1796 de,
153 1761 289 1789 manu
316 1746 473 1784 dicitur
499 1741 572 1794 qui
601 1738 688 1778 illis
717 1731 904 1784 corporis
935 1726 1127 1780 partibus
1156 1723 1290 1762 laesus
1313 1727 1378 1760 est

56 1830 105 1859 ac
118 1816 304 1857 mutilus.
321 1829 355 1854 v.
368 1813 607 1853 Burmann.
619 1806 673 1846 ad
685 1800 898 1844 An2h01.1.
914 1797 1044 1851 postl.
1056 1817 1112 1826 —-
1124 1794 1212 1838 V.3.
1223 1792 1378 1833 Heius.

58 1888 113 1927 ad
127 1886 247 1927 ovid.
262 1887 351 1925 Art.
375 1869 672 1927 Am.II,119.':
698 1872 863 1913 Tuberi
882 1869 1052 1910 'adstrue
1075 1866 1379 1921 gibberem.—-

58 1958 107 1998 V.
120 1960 158 2002 6.
173 1955 224 1998 Si
234 1956 402 1997 sedeam
415 1963 553 1995 cruce,
570 1946 736 1988 sustine
753 1940 853 1982 hab.
867 1950 1018 1978 omnes
1040 1935 1240 1976 meliores
1261 1932 1379 1974 libri.

59 2043 93 2069 v.
121 2028 234 2081 Lips.
255 2026 315 2065 ‚ad
342 2024 494 2063 Senec.
523 2028 565 2058 et
594 2015 731 2055 Tacit.
762 2012 810 2050 A.
842 2012 916 2055 14,
945 2012 1014 2052 22.
1072 2004 1293 2047 Acidalius
1331 2003 1381 2043 in

61 2097 192 2151 Epist.
226 2096 372 2136 Critic.
405 2092 582 2131 Centur.
611 2086 644 2125 I.
676 2097 715 2136 p.
743 2082 838 2126 334.
868 2075 1114 2117 rescribitz·

172 2166 298 2206 Hanc
327 2163 459 2204 mihi:
492 2156 604 2210 (scil.
636 2154 689 2192 da
721 2148 873 2201 vitam)
902 2146 966 2187 vel
994 2154 1165 2188 acutam

87 2256 90 2259 “
167 2233 329 2274 Sabae.
387 2230 585 2272 Sustineo
613 2234 796 2265 crucem.
1052 2224 1054 2226 ·

65 2305 241 2345 Salmas.
274 2302 328 2341 de
356 2302 490 2340 Foen.
521 2298 698 2349 Trapez.
728 2306 773 2345 p.
796 2292 917 2334 765.=

176 2374 303 2415 Hanc
332 2369 471 2418 mihi,
501 2368 569 2408 vel
598 2372 723 2406 acuta

179 2443 404 2483 Subsidem
435 2451 583 2484 cruce,
613 2435 785 2476 sustine.
815 2449 871 2459 -
896 2427 1041 2470 Nicol.
1072 2425 1300 2469 Heinsius:

177 2513 297 2554 Haec
325 2509 438 2552 mihi
467 2508 533 2547 vel
561 2498 710 2548 acutae

176 2581 359 2629 subdat,
391 2579 595 2626 sustineo,
624 2574 751 2616 cruci.
781 2571 873 2612 vel.-

180 2651 309 2693 Hanc
337 2649 453 2693 mihi
482 2646 547 2688 vel
575 2643 698 2687 acuta

181 2723 362 2771 Subdas,
390 2716 611 2766 sustineo}
626 2726 761 2757 cruce.
791 2711 844 2765 (v.
855 2699 1150 2761 MeibomJ—
1165 2705 1385 2749 Oudend.=
