1844 3211
459 228 961 270 MAECENATIANA.
1294 207 1370 268 13

57 344 192 385 satia-⁹
218 342 358 396 capit,
412 353 494 385 aut
522 345 637 392 illos,
677 357 775 384 cum
804 342 947 383 omnia
976 338 1249 384 tribuerunt,
1293 340 1374 374 aut

58 416 146 458 lto-⁵⁸,
174 425 272 450 cum
294 415 381 454 iam
401 416 513 454 nihil
538 416 754 467 reliquum
780 422 859 461 est,
890 410 1003 465 quod
1021 404 1236 461 cupiant.)
1264 401 1375 457 quod

57 488 233 534 propter
241 480 503 529 Terentiam,
518 482 980 530 Maecenatismxorem
992 477 1197 518 accidisse
1210 473 1375 518 dicunt3

59 550 162 602 (01⁰
194 555 269 600 54,
302 556 368 598 19.
425 551 513 593 Καί
550 568 669 603 τινες
697 551 774 594 καὶ
811 550 888 593 διὰ
922 548 1002 598 τὴν
1032 541 1267 604 Τερεντίαν
1295 539 1378 589 τὴν

58 623 142 660 '¹5⁰5
171 620 403 672 Μαικήνου
437 632 627 677 γυναῖκα
667 624 957 677 ἀποδημῆσαι
985 615 1128 658 αὐτὸν
1155 610 1377 658 ὑπετόπη-

61 702 167 730 σαν·
197 688 264 740 ἵν’,
295 691 439 742 ἐπειδὴ
468 694 625 735 πολλὰ
653 694 756 749 περὶ
784 694 934 733 αὐτῶν
963 691 1008 730 ἐν
1035 690 1092 742 τῇ
1121 683 1262 738 Ῥώμῃ
1287 680 1381 721 ἐλο-

60 767 320 813 γοποιεῖτο,
369 760 474 804 ἄνευ
506 766 620 821 θροῦ
649 777 773 810 τινος
813 760 857 801 ἐν
892 763 948 814 τῇ
979 752 1233 808 ἀλλοδημίᾳ
1263 751 1381 803 αὐτῇ

63 833 185 884 συνῇ·
243 830 375 873 Οὕτω
404 833 488 889 γὰρ
519 832 599 873 οὖν
627 832 746 872 πάνυ
778 831 916 876 αὐτῆς
943 824 1028 883 ἤρα
1055 841 1093 865 κ.
1111 839 1152 864 τ
1170 824 1212 862 λ.
1266 821 1399 860 Pau-'

62 900 105 939 lo
135 909 250 953 post:
281 905 346 954 τῷ
379 900 590 955 Μαικήνᾳ
619 899 693 939 διὰ
723 898 806 946 τὴν
831 904 1023 951 γυναῖκα
1052 891 1197 935 ovne‘S
1224 887 1386 943 ὁμοίως

61 966 227 1025 ἔχαιρε.
282 975 366 1018 55,
394 974 435 1015 7.
467 968 627 1025 καίπερ
658 968 731 1009 ἐπὶ
758 972 815 1024 τῇ
846 966 1021 1022 γυναικὶ
1051 958 1387 1008 δυσκολαίνων.)

62 1050 168 1092 quae
231 1037 407 1092 quldem
474 1042 636 1081 mulier
696 1041 892 1081 moribus
942 1038 1159 1092 ambiguis
1208 1041 1253 1073 et
1300 1043 1390 1071 mo·-

63 1110 169 1150 rosis
220 1123 480 1165 magnopere
518 1113 726 1153 maritum
765 1119 939 1165 propter
968 1107 1153 1162 Augusti
1194 1106 1391 1156 amorem

65 1179 309 1233 neglexisse
348 1190 477 1234 atque
515 1182 689 1222 ve'xasse
732 1182 907 1222 videtur.
982 1178 1157 1230 (Senec.
1198 1176 1251 1214 de
1289 1173 1393 1213 Pro·

66 1249 147 1290 vid·
179 1262 214 1288 c·
244 1253 285 1294 3·
343 1249 598 1293 Maecenati
636 1253 859 1293 amoribus
895 1252 1055 1299 anxio,
1116 1258 1160 1291 et
1197 1255 1393 1286 moro-51²⁶

69 1321 222 1360 uxori-5
250 1321 509 1374 quotidiana
536 1323 722 1374 repudia
751 1321 947 1377 deflenti.
1005 1320 1139 1373 Epist.
1169 1318 1265 1362 114.
1304 1311 1393 1369 Qui

70 1405 252 1432 uxorem
283 1393 436 1432 millies
466 1394 622 1441 duxit,
674 1406 809 1446 quum
846 1405 980 1431 unam
1007 1386 1242 1438 habuerit.)
1295 1383 1392 1434 Quo

72 1473 171 1513 eam
204 1469 400 1514 tempore
437 1462 627 1508 duxerit,
676 1475 768 1501 non
805 1468 994 1508 constan
1035 1456 1111 1508 (cf.
1143 1457 1198 1496 de
1229 1453 1396 1493 femina

70 1529 326 1573 Blackwell.
357 1544 396 1583 p.
421 1535 516 1575 253.
558 1530 674 1570 Suet.
704 1532 815 1582 Aug.
846 1532 913 1575 69.
957 1529 1163 1568 Meibom.
1193 1538 1234 1578 p.
1258 1526 1314 1567 95
1336 1531 1396 1573 Sq-

74 1602 195 1655 169.)
254 1600 462 1640 Ceterum
494 1601 685 1640 amicitia
715 1601 916 1640 restituta
946 1599 1127 1647 videtur,
1156 1598 1216 1637 ita
1243 1601 1292 1633 ut
1313 1592 1399 1631 Au-

72 1679 220 1725 gustus
245 1669 298 1710 ad
322 1671 493 1711 obitum
514 1684 649 1724 usque
670 1672 859 1711 amicum
881 1671 1032 1724 magni
1052 1669 1233 1716 faceret;
1260 1663 1400 1715 (Suet.

73 1742 145 1782 vit.
171 1741 320 1780 Horat.
347 1743 424 1781 ubi
455 1749 623 1781 exstant
654 1741 859 1794 epistolae
889 1740 1153 1780 Maecenatis
1183 1745 1225 1776 et
1253 1736 1400 1787 Augu-

75 1812 130 1851 sti
157 1811 212 1851 ad
241 1812 481 1853 Horatium·>
509 1820 761 1865 spectantes.
816 1811 901 1850 Dio
932 1815 1017 1854 55,
1051 1812 1092 1852 7.
1154 1807 1241 1844 Τοῦ
1272 1801 1317 1843 δὲ
1349 1798 1400 1849 δὴ

76 1878 310 1926 Μαικήνου
331 1879 701 1927 τελευτήσαντος,’
731 1877 921 1930 ἤλγησεν
941 1877 989 1928 (ὁ
1002 1876 1211 1929 Καῖσαρ).
1241 1871 1402 1914 Black-

80 1950 191 1990 well.
224 1963 264 2002 p.
294 1952 417 2004 453.)
460 1953 535 2004 qui
576 1951 719 1990 obitus
758 1950 916 1990 incidit
954 1950 1003 1987 in
1040 1960 1141 1986 ann.
1171 1959 1212 1985 u.
1243 1958 1276 1984 c.
1306 1944 1403 1987 746.

80 2027 171 2059 ant.
206 2019 308 2059 Chr.
339 2024 378 2064 8.
418 2020 599 2074 Imperii
628 2021 810 2074 Augusti
838 2024 906 2064 23.
947 2017 1013 2056 01.
1046 2015 1240 2062 CXCIII,
1273 2017 1311 2057 1.
1343 2007 1405 2061 (v-

82 2089 198 2132 Suet.
229 2092 258 2131 l.
288 2091 316 2132 1.
345 2092 394 2131 in
422 2091 526 2131 fine.
557 2092 689 2132 Dion.
719 2096 785 2136 55,
815 2092 857 2134 7.
892 2087 1103 2128 Meibom.
1131 2100 1174 2139 p.
1198 2088 1295 2129 183.
1327 2081 1406 2125 Se-

74 2169 180 2202 nem
209 2162 316 2201 dicit
348 2162 508 2201 Auctor
536 2160 658 2213 Eleg.
696 2174 728 2199 v.
757 2165 796 2203 2.
826 2160 918 2202 136.
958 2156 1010 2196 cf.
1055 2156 1238 2195 Simson.
1270 2153 1407 2193 Chro-

80 2231 166 2271 nic.
209 2231 263 2271 ad
304 2231 424 2272 hunc
454 2231 575 2282 ann.)
615 2238 711 2284 post
753 2228 983 2269 Horatium
1024 2225 1228 2271 fortasse,
1279 2234 1410 2276 quem

83 2301 309 2341 Maecenas
348 2302 538 2353 versibus
576 2301 700 2355 luget
738 2299 790 2349 (v.
822 2297 987 2350 infra).“
1042 2296 1249 2336 Horatius
1287 2302 1411 2334 testa-

80 2381 299 2421 mentum,
329 2384 412 2424 quo
429 2371 729 2412 Maecenatem·
751 2369 957 2409 heredem
975 2368 1190 2415 instituit‚·
1209 2380 1258 2406 eo
1281 2367 1413 2407 etiam

83 2444 250 2484 vivente
282 2442 466 2492 scribere
504 2443 659 2494 potuit.
702 2439 781 2491 (V.
809 2446 959 2477 tamen
989 2438 1175 2477 Messon.
1205 2437 1290 2477 Vit.
1321 2437 1411 2476 Ho-

83 2521 162 2553 rat.
194 2526 233 2567 p.
266 2515 353 2557 368
384 2510 497 2565 sqq.)
565 2509 794 2550 Maecenas
830 2506 1040 2548 heredem
1066 2507 1240 2562 reliquit
1268 2508 1413 2561 Augu·

86 2591 211 2625 ⁸tum·
262 2583 349 2622 Dio
384 2585 463 2628 55,
495 2584 535 2623 7·
593 2577 680 2618 Καὶ
709 2574 979 2631 κληρονόμον
1009 2574 1153 2616 αὐτὸν
1181 2575 1417 2621 κατέλιπε.

84 2653 161 2694 καὶ
190 2652 252 2693 ἐπ’
274 2652 400 2706 αὐτῷ
431 2646 550 2695 πλὴν
581 2644 836 2703 ἐλαχίστων
867 2643 1126 2694 ἐποιήσατο,
1157 2641 1214 2686 ἄν
1242 2642 1296 2684 τέ
1319 2656 1414 2684 τινι

84 2726 173 2766 τῶν
204 2722 348 2780 φίλων
379 2721 524 2762 αὐτοῦ
553 2715 709 2760 δοῦναί
739 2719 789 2757 τι
818 2713 1031 2771 ἐθελήσῃ,
1070 2712 1128 2755 ἄν
1155 2729 1206 2755 τε
1234 2712 1310 2754 καὶ
1340 2712 1414 2769 μή.

1824 2110 1844 2296 »μα’-ὴ
1821 1946 1844 2078 ··,·;’
1822 1919 1826 1927 ·
1821 1875 1844 1902 J
1821 1760 1844 1813 ξς·
1838 1727 1840 1729 ,
1814 1568 1827 1598 »²
1813 1537 1817 1544 ⁵
