1844 3211
473 251 984 309 ΜΑΕΟΕΝΑΤῙΑΝΑ.
1317 220 1397 293 41

76 382 250 427 assiduo
288 379 533 439 spectaculo
580 375 797 414 desineret
833 362 1099 408 miraculum
1127 370 1241 403 esse,
1291 350 1408 406 qnod.

80 453 325 510 gerebatur.
397 449 479 490 Sed
509 446 588 487 ubi
618 444 729 485 obiit
760 451 896 494 puer,
949 432 1026 473 sub
1057 426 1192 468 oculis
1222 412 1407 476 publici·

79 525 294 567 desiderio
335 522 427 561 eius
459 527 502 558 et
533 520 733 558 ‘moerore
763 506 944 561 delphin
985 498 1165 555 interiit.
1235 494 1412 547 Pigeret

60 597 165 657 “hoc
195 603 444 640 asseverare,
475 589 522 629 ni
551 581 823 633 Maecenatis
852 585 895 617 et
922 570 1119 615 Fabiani,
1149 563 1412 608 multorum-

83 679 169 721 que
198 670 413 718 praeterea
444 666 554 700 esset
580 655 718 696 literis
747 645 1122 701 comprehensum.
1134 641 1162 663 ‘⁸
1215 635 1269 677 cf.
1300 632 1412 675 (3011.

82 736 232 780 Noett.
265 735 355 774 An.
383 733 426 780 7,
458 732 498 774 8.
524 725 690 769 Aelian.
727 720 777 760 v.
808 718 863 758 H.
893 719 935 766 6,
966 717 1035 758 15.

402 911 405 912 ⁷
471 936 550 982 IV.
619 932 697 981 De
734 924 890 975 Cultu
932 936 1034 971 suo.

718 1067 787 1110 10.

155 1161 361 1202 silentio
400 1164 514 1197 certa
543 1159 628 1198 est,
684 1147 796 1187 haec
834 1136 1058 1191 inscriptio
1087 1132 1218 1174 fuisse
1256 1128 1427 1169 videtur

93 1233 303 1291 *carminis
339 1229 391 1269 de
422 1231 525 1267 suae
554 1224 665 1263 vitae
702 1216 894 1262 ratione3
949 1205 1064 1263 quod
1092 1201 1295 1256 suspicati
1324 1204 1428 1238 sunt

98 1304 237 1355 intpp.
279 1301 480 1342 Senecae.
519 1310 552 1334 v.
592 1285 812 1342 Ruhkopf.
850 1297 893 1339 p.
922 1284 1022 1329 352.
1064 1271 1312 1318 Blackwell.
1342 1269 1372 1310 l.
1398 1268 1429 1308 l.

104 1387 147 1427 Pa
177 1376 279 1417 461-

159 1456 350 1500 Seneca,
379 1446 571 1501 Epistola
604 1443 698 1487 114-
737 1459 740 1462 ’

106 1522 364 1578 „Quomodo
396 1516 633 1561 Maecenas
661 1505 845 1553 vixerit,
903 1501 1047 1541 notius
1080 1506 1169 1545 est,
1217 1507 1344 1548 quam
1383 1499 1435 1532 ut

106 1596 426 1646 narrarinunc
469 1585 646 1625 debeat:
696 1572 914 1630 quomodo
954 1566 1263 1613 ambulaverit,
1304 1574 1436 1615 quam

110 1668 317 1710 delicatus
349 1659 492 1703 fuerit,
525 1664 652 1710 quam
688 1645 872 1699 cupierit
903 1640 1051 1685 videri,
1079 1648 1205 1690 quam
1236 1621 1336 1674 {vitia
1366 1640 1442 1669 sua

108 1742 245 1783 latere
276 1732 479 1775 noluerit.
551 1720 671 1776 Quid
700 1716 831 1770 ergo?
870 1725 960 1751 non
1003 1709 1137 1748 oratio
1178 1705 1268 1744 eius
1307 1710 1443 1753 aeque

113 1811 252 1852 soluta
282 1812 368 1851 est,
415 1810 541 1853 quam
568 1796 658 1846 ipse
688 1783 948 1828 discinctus?
999 1791 1087 1819 non
1117 1784 1205 1815 tam
1235 1771 1446 1823 insignita

113 1880 234 1922 illius
259 1873 387 1914 verba
410 1876 524 1914 sunt,
555 1874 683 1915 quarn
707 1857 860 1899 cultus,
891 1862 1018 1904 quam
1042 1847 1284 1888 comitatus,
1316 1852 1446 1892 quam

120 1953 296 1992 domus,
328 1953 455 1996 quam
484 1932 621 1975 uxor?
663 1925 815 1980 Magni
841 1919 1012 1974 ingenii
1045 1918 1109 1956 vir
1138 1914 1301 1958 fuerat,
1332 1912 1369 1951 si
1394 1909 1450 1951 il-

118 2020 196 2063 lud
228 2018 382 2070 egisset
412 2011 477 2047 via
508 2004 712 2043 rectiore,
752 1997 787 2033 si
828 2005 918 2031 non
952 1990 1122 2028 vitasset
1151 1983 1373 2035 intelligi,
1415 1981 1451 2020 si

122 2103 213 2134 non
242 2086 371 2126 etiam
399 2080 446 2119 in
476 2073 667 2114 oratione
699 2056 925 2110 difflueret.
982 2056 1162 2099 Videbis
1192 2057 1340 2107 itaque
1364 2051 1453 2091 elo-

124 2158 348 2213 quentiam
385 2148 492 2187 ebrii
522 2139 713 2182 hominis
743 2133 1009 2177 involutam,
1056 2136 1099 2168 et
1127 2133 1371 2180 errantem,
1411 2130 1456 2162 et

124 2226 328 2269 licentiae
365 2219 552 2271 plenam.
611 2206 846 2250 Maecenas
875 2203 927 2242 de
949 2200 992 2251 *)
1031 2200 1158 2240 cultu
1195 2208 1300 2237 suo:
1340 2191 1460 2249 Quid

128 2301 504 2327 “d-...d

158 2359 208 2415 *)
245 2354 348 2455 {uit
378 2349 467 2444 (11ξέ
480 2339 901 2442 Ῑξβθϊθῒὲΰξῖἑῑὲνηέ.
925 2328 1337 2428 Maecffitisintc.
1367 2338 1458 2421 sato.

282 2442 291 2452 .
321 2425 357 2450 e.
399 2421 438 2446 vi
470 2419 490 2444 e
526 2416 559 2443 ις
591 2412 663 2440 ora
686 2412 700 2437 ι
874 2407 903 2437 ,ι
939 2403 1039 2431 nam
1147 2397 1275 2426 ecena
1301 2395 1324 2422 e

246 2479 296 2513 ut
316 2458 408 2507 erat
431 2463 545 2501 culto
578 2468 620 2497 et
644 2444 882 2495 diffluente.
908 2406 1057 2504 ἕριιὶἅ
1088 2446 1288 2495 turpius:
1321 2395 1464 2482 21⁷1an

251 2537 333 2571 etc.
366 2520 499 2562 codd.
531 2515 613 2569 pal.
654 2521 697 2551 et
724 2509 918 2550 Pintiani
949 2518 1047 2548 cum
1090 2503 1177 2542 edd.
1223 2506 1318 2537 vett.
1363 2496 1464 2536 hab.

249 2589 302 2629 de
324 2597 358 2623 c.
387 2592 476 2619 suo.
506 2575 728 2615 Erasmus:
759 2568 808 2608 in.
835 2580 869 2605 c.
897 2577 927 2603 s.
961 2563 1177 2613 Quattuor
1207 2565 1325 2593 voces
1357 2555 1464 2606 haec

252 2645 308 2685 de
338 2648 432 2680 c.,s.
478 2647 500 2672 e
531 2629 726 2681 margine
756 2626 942 2662 intrusas
970 2632 1060 2658 esse
1091 2613 1266 2669 putabat
1294 2610 1466 2650 Gruter.

257 2700 460 2740 Ceterum
488 2690 659 2746 Lipsius
698 2682 845 2723 omnia
874 2681 937 2719 sic
968 2674 1199 2730 disposuit:

258 2764 540 2815 commation
570 2760 761 2818 primum
789 2748 1041 2805 denymhis
1069 2748 1189 2791 inter
1213 2742 1384 2786 hortos:
