1844 3211
458 239 537 301 122
866 259 1367 309 MAECENATIANA.

410 374 414 376 -
451 366 541 400 tem
569 362 771 417 fuerunt,
805 370 879 422 qui
908 373 1156 429 crederent3
1197 383 1466 426 neofrustra
1495 388 1689 430 fortasse.
1714 387 1773 439 (v.

449 428 732 485 Evremond,
783 438 977 483 Oeuvres
1013 445 1122 486 Me'l.
1166 446 1215 488 T.
1247 456 1284 495 1.
1323 467 1363 506 p.
1393 459 1488 500 194.
1544 458 1607 500 St.
1648 457 1776 507 Real,
1824 448 1829 498 f

449 499 630 555 Fragm.
659 520 736 546 sur
762 505 977 562 Auguste.
1016 512 1278 570 Blackwell,
1320 522 1369 562 V.
1399 528 1440 569 3.
1471 539 1511 579 p.
1540 529 1628 571 248
1647 540 1705 581 sq.
1739 540 1773 564 v.
1815 525 1819 531 ’

451 571 582 613 etiam
621 575 765 622 infra.)
827 580 943 622 Orbe
973 597 1069 624 vero
1114 601 1190 639 per
1216 592 1459 645 Augustum
1500 607 1668 650 pacato,
1718 596 1774 637 ad
1824 601 1828 611 “

449 642 587 683 otium
618 657 662 684 se
694 649 879 689 contulit
918 654 1192 706 imperatoris
1221 663 1409 712 amicus;
1458 667 1661 707 suadente
1691 666 1775 706 for-

447 720 555 752 tasse
580 718 806 770 praecipue
836 719 1030 770 Horatio,
1060 738 1372 779 saepenumero
1401 734 1611 777 fautorem
1643 728 1772 779 suum

444 782 499 820 nd
538 785 676 824 otium
707 800 946 832 revocante.
990 794 1047 845 (v.
1079 794 1222 838 Carm.
1254 804 1304 846 3,
1334 806 1382 849 2,
1416 808 1483 848 11-
1514 810 1563 853 3,
1593 811 1672 854 29,
1704 812 1770 852 10-
1825 854 1828 863 ,

443 850 575 904 Epod·
607 859 656 902 1,
690 860 758 901 11·
786 862 855 903 26.
883 865 929 907 8,
963 866 1129 908 16·25.
1175 867 1276 908 Add.
1309 869 1455 912 Senec.
1488 876 1599 927 apud
1630 876 1769 916 Tacit.

441 924 524 962 An.
557 927 625 972 14,
658 930 724 971 55.
778 926 1012 983 Augustus
1041 933 1105 974 M.
1136 933 1360 993 Agrippae
1385 942 1680 996 Mitylenense
1707 960 1771 987 se·

441 1003 626 1044 cretum,
665 994 711 1038 C.
732 997 986 1041 Maecenati
1012 1005 1121 1058 urbe
1149 1007 1194 1046 in
1223 1008 1315 1061 ipsa
1341 1014 1464 1054 velut
1489 1017 1769 1069 peregrinum

442 1066 575 1105 otium
600 1069 821 1118 permisit.-
868 1084 1052 1122 quorum
1080 1077 1194 1115 alter
1222 1079 1432 1123 bellorum
1460 1087 1622 1136 socius,
1653 1088 1765 1127 alter
1821 1101 1826 1106 ⁸

439 1132 607 1176 Romae
632 1138 837 1190 pluribus
874 1141 1095 1183 laboribus
1134 1146 1346 1197 iactatus,
1394 1157 1541 1207 ampla
1577 1158 1763 1210 quidem,
1825 1156 1831 1178 '⁷

437 1205 515 1245 sed
540 1218 621 1256 pro
659 1208 906 1259 ingentibus
944 1213 1115 1252 meritis
1142 1220 1344 1267 praemia
1381 1235 1651 1276 acceperant.
1707 1226 1763 1267 Et
1825 1249 1834 1277 ῃ

437 1272 553 1315 Nero
582 1276 693 1329 apud
723 1277 847 1317 eund.
881 1292 914 1318 c.
946 1283 1014 1324 56.
1067 1280 1298 1337 Augustus
1323 1286 1544 1345 Agrippae
1570 1305 1612 1335 et
1640 1295 1762 1338 Mae·
1829 1300 1831 1304 ’

435 1346 579 1387 cenati
608 1359 820 1400 usurpare
848 1349 983 1388 otium
1011 1361 1108 1401 post
1139 1354 1310 1397 labores
1338 1365 1565 1412 concessit,
1607 1369 1683 1407 sed
1712 1368 1761 1407 in
1828 1393 1831 1396 -

434 1428 487 1456 ea
516 1417 609 1468 ipsa
638 1427 806 1464 aetate,
856 1420 980 1458 cuius
1009 1424 1247 1464 auctoritas
1279 1436 1501 1481 tueretur,
1546 1437 1761 1489 quidquid
1829 1444 1834 1463 ³

433 1485 546 1525 illud
585 1495 630 1527 et
665 1489 961 1541 qualecunque
998 1490 1230 1533 tribuisset.
1299 1495 1510 1542 Attamen
1547 1515 1758 1546 neutrum

432 1556 551 1596 datis
590 1570 618 1597 a
656 1568 700 1596 se
740 1559 948 1608 praemiis
988 1562 1125 1600 exuit.
1193 1562 1326 1608 Bello
1364 1581 1407 1610 et
1432 1575 1640 1623 periculis
1667 1590 1754 1617 me-

430 1626 648 1673 ruerant.)
708 1627 844 1667 Molle
873 1628 956 1668 fuit
983 1629 1096 1670 istud
1125 1633 1302 1685 quidem
1327 1641 1480 1690 otium,
1508 1643 1555 1684 in
1586 1658 1754 1687 summa

431 1696 603 1738 scilicet
632 1711 778 1739 rerum
810 1700 1007 1739 omnium
1038 1701 1283 1753 affluentia5
1324 1708 1375 1760 (v.
1405 1714 1534 1767 post.)
1565 1716 1635 1755 sed
1662 1730 1751 1758 non

425 1757 558 1819 plane
600 1780 624 1806 a
654 1782 710 1808 ne
743 1770 840 1809 otiis
877 1771 1060 1822 publicis
1092 1773 1353 1831 abhorrens3
1407 1791 1451 1822 et
1478 1785 1537 1826 ita
1568 1790 1747 1829 omnino

425 1848 469 1875 se
499 1839 651 1890 gessit,
698 1848 746 1878 ut
778 1839 979 1879 homines
1007 1842 1134 1883 facile
1164 1846 1338 1891 ferrent.
1381 1853 1433 1902 (v.
1464 1857 1614 1910 infra).
1670 1858 1748 1900 Est

423 1904 501 1945 ubi
529 1908 642 1959 apud
674 1909 915 1961 Augustum
944 1910 1206 1955 Maecenatis
1236 1924 1437 1963 auctorita
1524 1927 1603 1968 ihil
1634 1931 1747 1970 vale-

419 1983 506 2023 ret;
555 1978 669 2029 quod
693 1979 855 2017 factum
887 1988 949 2019 est
977 1982 1023 2020 in
1058 1985 1353 2030 coniuratione
1378 1993 1599 2038 Murenae.
1639 2001 1743 2052 (Dio

420 2046 490 2089 54,
517 2048 556 2089 3.
607 2044 724 2086 Οὐδὲ
752 2045 994 2099 ἐπήρκεσαν
1022 2053 1087 2104 τῷ
1120 2053 1331 2115 Μουρήνᾳ
1358 2061 1464 2104 οὔτε
1494 2066 1517 2106 ὁ
1549 2069 1743 2124 Προκοῦ-

421 2112 517 2160 λιος
547 2113 742 2168 ἀδελφὸς
771 2114 855 2166 (ὃν,
896 2115 1001 2158 οὔτε
1032 2121 1055 2159 ὁ
1084 2123 1317 2177 Μαικήνας
1337 2120 1401 2186 ιϊῇ
1433 2136 1605 2194 ἀδελφῇ
1634 2140 1739 2193 (Te-

416 2184 608 2237 rentiae)
652 2186 796 2224 αὐτοῦ
827 2192 1063 2238 συνοικῶν,
1116 2193 1274 2249 καὶπερ
1304 2199 1343 2246 ἐς
1371 2201 1433 2241 τὰ
1461 2210 1620 2260 πρῶτα
1649 2211 1739 2254 ὑπὸ

414 2254 500 2293 τοῦ
530 2253 796 2307 Αὐγούστου
826 2256 1103 2311 τιμώμενοι.)
1163 2264 1253 2305 Sub
1292 2271 1401 2311 vitae
1431 2273 1570 2333 finem
1606 2284 1740 2326 etiam

411 2323 587 2364 infenso
644 2337 742 2379 erga
781 2340 882 2366 eum
930 2330 1076 2370 animo
1129 2333 1289 2377 dicitur
1331 2341 1460 2385 fuisse
1499 2350 1736 2407 Augustum

412 2394 535 2448 (Tac.
565 2396 649 2436 An·
683 2399 733 2442 3,
766 2401 834 2442 30.
889 2397 1128 2444 Sallustius
1157 2403 1338 2459 Crispus
1376 2417 1586 2461 incolumi
1611 2423 1735 2467 Mae-

409 2475 561 2508 cenate
588 2467 840 2518 proximus,
872 2481 973 2508 mox
1001 2474 1286 2525 praecipuus,
1316 2485 1389 2522 cui
1414 2494 1576 2530 secreta
1605 2493 1733 2547 impe-

411 2546 613 2579 ratorum
635 2536 957 2586 inniterentur,
986 2551 1030 2581 et
1053 2543 1350 2599 interficiendi
1362 2551 1733 2618 Postumi-Agrip·

404 2621 489 2661 pag
521 2606 738 2649 conscius,
781 2616 924 2647 aetate
948 2621 1153 2659 provecta
1181 2619 1357 2668 speciem
1387 2629 1525 2679 magis
1549 2631 1594 2672 in
1623 2639 1730 2678 ami·

404 2677 509 2721 citia
537 2676 758 2731 principiS,
790 2692 920 2730 quam
950 2681 1037 2721 vim
1067 2687 1230 2734 tenuit;
1260 2691 1387 2744 idque
1417 2707 1461 2737 et
1491 2698 1726 2749 Maecena-

407 2751 442 2790 ti
471 2749 712 2791 acciderat.-
757 2748 865 2803 sato
901 2754 1119 2802 potentiae
1155 2770 1260 2800 raro
1297 2768 1615 2819 sempiternae:
1667 2786 1727 2819 an
