1844 3211
365 310 448 378 50
771 334 1274 374 MAECENATIANA.

363 441 495 484 rium.
542 443 591 484 V.
622 458 746 499 supra
776 455 820 487 et
849 448 999 501 Lange
1020 448 1188 490 Vindio.
1211 449 1334 503 Trag.
1365 448 1553 491 Romam
1581 462 1621 503 p.
1634 448 1691 499 5.)

366 511 535 553 Mirum
568 523 727 562 tamen,
758 530 901 571 neque
929 518 1157 558 Tibullum
1189 519 1332 573 neque
1363 519 1576 565 Ovidium,
1609 519 1691 558 cla-

363 582 556 623 rissimos
587 586 676 625 eius
706 589 972 639 tempestatis
1013 589 1178 641 poetas,
1219 591 1490 629 mentionem
1521 588 1690 644 Maece-

365 654 482 695 natis
520 654 687 705 facere;
741 659 816 709 qui
853 658 1026 697 fortasse
1057 658 1303 699 Maecenati
1342 660 1506 713 ignoti,
1555 658 1692 712 neque

366 724 424 765 ab
454 736 503 762 eo
533 725 685 775 adiuti,
716 739 806 766 non
837 727 1083 778 habebant,
1114 741 1240 782 quare
1270 722 1508 768 laudarent.
1544 725 1694 780 (Tira-

366 794 611 845 boschi,·V.
642 802 679 840 1.
712 811 750 849 p.
784 797 896 848 136.)
965 799 1015 838 In
1052 812 1190 838 causas
1222 812 1315 838 vero
1348 799 1382 839 si
1411 798 1713 854 inquisiveris„

367 877 497 919 quare
529 868 664 921 poe'tis
696 869 884 908 maxime
910 876 1134 922 tantopere
1164 869 1311 908 faverit
1341 866 1583 916 Maecenas,
1615 879 1693 906 eae

365 937 547 989 quidem
585 938 714 978 facile
745 941 894 979 obviae
923 939 1048 979 fiunt.
1118 940 1212 993 Ipse
1241 938 1468 979 Maecenas
1499 938 1692 979 eruditus

367 1015 482 1054 erat,
535 1008 609 1060 qui
650 1009 816 1048 musico
860 1008 1001 1048 stud-io
1031 1021 1109 1062 per
1139 1021 1315 1051 omnem
1347 1009 1474 1049 vitam
1507 1006 1691 1056 deditus,

364 1077 473 1119 licet
499 1079 681 1129 negotiis
704 1078 920 1118 districtus
950 1087 992 1118 et
1022 1080 1387 1130 occupatissimus,
1419 1081 1511 1131 ipse
1542 1079 1693 1119 carmi-

365 1161 423 1191 na
452 1147 652 1195 faciebat,
681 1156 809 1201 atque
839 1146 993 1187 edebat
1021 1146 1159 1186 multa
1190 1144 1501 1194 et'artificiosa,
1531 1148 1578 1188 in
1601 1148 1695 1201 qui·

367 1219 448 1259 'bus
488 1233 589 1259 cum
629 1220 773 1271 paucis
812 1218 1001 1257 eiusdem
1032 1218 1124 1257 aevi
1164 1218 1298 1269 poe'tis
1330 1216 1578 1257 difficiliora
1606 1229 1694 1256 me·

367 1297 433 1332 tra
482 1297 734 1331 tentaverat.
827 1287 942 1327 Dein
990 1286 1233 1325 valetudine
1279 1288 1422 1326 minus
1467 1287 1694 1327 commoda

367 1373 491 1409 usus,
530 1369 657 1413 atque
688 1359 764 1399 otii
795 1358 1151 1412 voluptatumque
1181 1371 1352 1406 amans,
1392 1359 1445 1398 in'
1469 1358 1693 1400 familiari-

366 1440 479 1477 tate,
522 1443 650 1484 quam
686 1443 786 1469 cum
825 1429 959 1481 potitis
1003 1428 1180 1482 aliisque
1221 1419 1499 1501 scriptqribus
1536 1429 1693 1478 instat,

367 1502 569 1558 solatium
589 1498 905 1552 quodammodo
929 1506 973 1538 et
992 1500 1300 1539 recreationem
1325 1500 1524 1542 habebat.
1575 1502 1693 1542 Hinc

366 1572 418 1613 in
447 1569 677 1610 itineribus
708 1569 837 1607 etiam
870 1568 976 1607 viros
1007 1568 1151 1608 doctos
1180 1579 1222 1609 et
1250 1572 1409 1611 amieo·
1440 1585 1584 1612 secum
1616 1572 1692 1612 du-

366 1643 446 1683 xit.
487 1639 669 1692 (Horat.
702 1637 838 1677 Serm.
871 1640 919 1685 1,
952 1635 1014 1687 5.)
1082 1637 1148 1676 Ad
1186 1638 1266 1679 hoc
1305 1639 1469 1692 gloriae
1509 1640 1544 1681 si
1584 1639 1693 1681 fort'e

369 1711 553 1765 cupidus
584 1716 687 1755 erat,
720 1707 939 1760 poetarum
972 1706 1240 1747 carminibus
1269 1721 1312 1746 se
1344 1709 1607 1748 celebratum
1636 1710 1692 1748 iri

366 1781 500 1839 probe
529 1779 758 1821 intellexit.
801 1773 1021 1826 (Tirabos.
1053 1791 1091 1830 p.
1125 1779 1220 1821 140.
1254 1787 1296 1818 et
1326 1782 1407 1823 178
1437 1781 1514 1831 sq.)
1581 1779 1691 1819 Fue·

366 1861 474 1895 tunt
503 1859 649 1891 autem
692 1862 781 1888 non
821 1849 967 1900 pauci,
1011 1848 1107 1899 qui,
1149 1846 1337 1887 Senecae
1371 1849 1530 1889 iudicio
1561 1850 1691 1889 nimis

365 1922 848 1966 multumvtribuenteg
894 1926 1186 1970 corruptorem
1219 1918 1490 1971 eloquentiae
1523 1919 1693 1959 Maece-

365 1999 516 2035 natem
549 1991 756 2029 dicerent.
789 1987 1004 2040 (Ge'doyn.
1035 1988 1082 2027 in
1114 1986 1383 2027 praefatione
1413 1987 1463 2026 ad
1490 1987 1693 2039 Quintil.)

368 2064 497 2116 Quod
538 2063 682 2101 miror.
742 2060 1015 2111 Quamquam
1059 2059 1176 2097 enim
1213 2058 1281 2105 is,
1320 2059 1393 2111 qui
1430 2059 1477 2098 in
1521 2072 1691 2099 summo

364 2132 457 2174 fere
484 2132 685 2172 fortunae
715 2128 882 2181 fastigio
913 2127 1143 2166 collocatus
1176 2136 1285 2173 erat,
1328 2140 1532 2180 magnam
1562 2129 1607 2168 in
1638 2128 1689 2168 li-

364 2213 479 2245 teras
523 2205 610 2242 vim
648 2200 806 2241 habere
842 2198 1027 2252 potuisse
1077 2211 1163 2237 non
1214 2198 1486 2251 negaverim,
1539 2205 1690 2238 tamen

362 2273 579 2330 quomodo
608 2272 654 2311 in
687 2268 977 2323 eloquentiam
1008 2274 1122 2305 certe
1148 2268 1506 2330 corrumpendam
1531 2267 1690 2309 habue-

362 2345 423 2386 rit
452 2344 538 2383 vim
569 2341 809 2384 Maecenas,
840 2339 915 2391 qui
948 2337 1185 2377 oratoribus
1217 2338 1570 2378 annumerandus
1601 2352 1691 2381 non

364 2421 454 2463 est,
494 2421 598 2453 'non
638 2410 853 2462 intelligo.
896 2404 1173 2457 (Tiraboscki
1204 2420 1241 2460 p.
1270 2407 1385 2457 205.)
1444 2407 1563 2448 Licet
1592 2421 1690 2449 vero

361 2482 601 2528 beneficia,
632 2494 742 2534 quae
772 2481 818 2520 in
846 2474 1008 2519 multos
1038 2477 1237 2517 homines
1268 2479 1561 2525 contulit‚.et
1590 2477 1692 2520 faci-

362 2553 399 2596 li
429 2554 604 2608 negotio
642 2553 689 2592 in
727 2551 806 2591 tali
844 2549 1017 2589 fortuna
1057 2556 1101 2589 et
1141 2561 1285 2589 rerum
1325 2562 1499 2590 suarum
1545 2550 1691 2591 condi-

362 2624 485 2667 tione
515 2623 712 2666 conferre
741 2621 892 2675 potuit,
923 2632 1012 2658 non
1041 2619 1152 2658 tanti
1182 2618 1352 2666 faciam,
1385 2627 1432 2658 ut
1463 2632 1561 2661 eum
1592 2633 1689 2676 pro-

360 2703 508 2750 pterea
548 2703 766 2735 summum
809 2690 1043 2749 literarum
1075 2688 1288 2731 fautorem
1321 2689 1491 2738 dicam,
1533 2692 1691 2746 quippe

360 2766 482 2808 cuius
516 2763 754 2820 plurimum
785 2761 1016 2803 intererat,
1059 2765 1147 2797 non·
1192 2758 1330 2798 solum
1361 2759 1502 2799 favere
1539 2761 1688 2810 literis,

360 2835 432 2879 sed
462 2836 570 2878 viros
600 2832 771 2889 hilares,
803 2829 941 2870 bonos
963 2828 1124 2869 sodales
1151 2829 1315 2872 circum
1346 2843 1390 2871 se
1421 2837 1585 2874 coactos
1617 2833 1691 2875 ha-
