1844 3211
465 260 554 319 *26
881 272 1384 313 MAECENATIANA.

468 387 683 441 gai-itum,
715 388 958 430 Cilniorum
990 389 1235 444 smaragde,
1276 391 1673 444 iaspifigulorum,
1713 388 1789 428 boi

467 457 583 510 -rylle
611 459 848 507 Porsenae,
898 459 1212 500 carbunculum
1250 459 1430 508 habeas,
1480 460 1557 499 ἵνα
1587 457 1785 512 συντέμω

468 524 624 568 πάντα
659 528 876 583 μάλαγμα
914 528 1013 580 (ἵνα
1052 527 1263 569 συντείνω
1302 530 1456 572 πάντα
1485 529 1786 584 μαλάγματα)

468 599 768 639 moecharum.
781 603 809 624 ‘⁶
864 601 1009 652 (Varie
1038 600 1122 640 hoc
1161 599 1457 654 fragmentum
1488 600 1788 640 emacularunt

470 667 660 708 Crinitus
690 669 741 708 de
770 668 949 709 Honest.
994 669 1111 709 Disc.
1144 672 1212 714 24,
1246 674 1311 714 12.
1369 671 1519 711 Bosius
1557 670 1611 709 ad
1649 668 1785 709 Cicer.

466 739 518 777 ad
555 739 639 777 Att.
670 742 720 785 8,
758 742 823 782 15.
864 751 904 792 p..
947 740 1040 782 104.
1081 738 1259 778 Casaub.
1298 739 1349 777 ad
1389 739 1563 779 Sueton.
1607 735 1787 792 Gyrald.

464 806 578 847 Dial.
610 808 773 849 Poetar.
803 808 1021 850 Pontanus
1048 809 1102 850 ad
1132 809 1264 850 Macr.
1286 808 1480 850 Turneb.
1512 810 1682 850 Advers.
1715 813 1785 857 18,

463 880 505 920 2.
535 876 648 930 alii.)
679 877 814 920 Tacit.
850 881 934 920 sive
967 882 1156 920 incertus
1176 881 1334 921 Auctor
1354 880 1528 934 Dialogi
1556 881 1608 920 de
1648 882 1783 929 causis

467 950 573 989 corr.
601 947 724 1003 Eloq.
755 963 790 989 c.
819 953 887 994 26.
953 950 1195 998 „Ceterum
1239 953 1274 992 si
1309 953 1463 993 omisso
1502 951 1666 1004 optimo
1704 950 1782 990 illo

467 1028 511 1059 et
538 1020 848 1073 perfectissimo
876 1033 1035 1073 genere
1060 1023 1329 1074 eloquentiae
1353 1023 1548 1075 eligenda
1573 1024 1626 1061 sit
1644 1020 1784 1061 forma

466 1089 661 1136 dicendi,
690 1091 842 1129 malim
873 1089 1049 1128 hercule
1079 1089 1125 1128 C.
1151 1090 1337 1131 Gracchi
1364 1092 1601 1144 impetum,
1632 1099 1704 1130 aut
1731 1090 1782 1129 L.

466 1159 604 1199 Crassi
655 1160 969 1205 maturitatem,
1025 1171 1153 1209 quam
1194 1161 1467 1199 calamistros
1495 1159 1781 1209 Maecenatis,

462 1239 537 1269 aut
564 1232 748 1269 tinnitus
780 1229 1077 1282 Gallionis.“)
1132 1228 1189 1267 Et
1218 1229 1345 1280 plane
1388 1229 1605 1268 scribendi
1646 1241 1780 1282 genus

460 1300 593 1338 irrisit
621 1299 796 1338 Seneca.
828 1298 923 1350 (Ep.
942 1299 1042 1341 114·
1094 1283 1357 1344 „Commoti
1383 1299 1515 1337 nimis
1543 1297 1779 1352 (hominis)

459 1369 637 1409 incitata
668 1369 830 1420 (oratio
860 1367 974 1419 est‚)
1005 1366 1180 1406 delicati
1208 1375 1356 1406 tenera
1385 1375 1427 1406 et
1454 1368 1581 1407 fluxa.
1658 1368 1784 1420 Quod

460 1440 573 1479 vides
602 1442 704 1479 istos
734 1438 876 1491 sequi,
915 1437 989 1489 qui
1016 1443 1090 1475 aut
1119 1436 1284 1476 vellunt
1313 1436 1515 1482 barbam,
1546 1447 1620 1477 aut
1648 1439 1781 1478 inter-

460 1511 645 1551 vellunt:
686 1510 760 1563 qui
788 1508 908 1547 labra
937 1507 1121 1559 pressius
1152 1506 1330 1546 tondent
1365 1516 1406 1547 et
1435 1507 1670 1555 abradunt,
1700 1520 1781 1547 ser-

460 1590 552 1621 vata
591 1589 634 1620 et
672 1579 884 1619 submissa
923 1584 1063 1615 cetera
1103 1584 1245 1627 parte:
1303 1577 1376 1628 qui
1403 1577 1594 1630 lacernas
1625 1577 1777 1617 coloris

458 1653 649 1705 improbi
686 1656 888 1695 sumunt,
941 1648 1015 1699 qui
1053 1646 1347 1699 perlucentem
1384 1656 1546 1700 togam:
1598 1648 1675 1699 qui
1704 1660 1779 1686 no·

457 1721 560 1761 lu‘nt
586 1722 728 1760 facere
760 1718 1005 1771 quidquam,
1037 1715 1150 1767 quod
1179 1714 1408 1755 hominum
1437 1716 1569 1755 oculis
1600 1718 1781 1756 transire

454 1793 596 1833 liceat.
656 1792 836 1829 Irritant
869 1781 992 1831 illos,⁸
1033 1794 1075 1823 et
1104 1786 1151 1823 in
1181 1798 1226 1823 se
1257 1785 1501 1824 advertunt:
1534 1787 1682 1825 volunt
1713 1787 1778 1825 vel

453 1859 754 1915 reprehendi,
808 1857 910 1895 dum
943 1855 1144 1906 conspici.
1215 1853 1332 1894 Talis
1362 1864 1424 1895 est
1454 1857 1586 1896 oratio
1617 1856 1780 1898 Maece-

453 1935 581 1981 natis,
615 1933 900 1980 omniumque
929 1926 1140 1969 aliorum,
1172 1926 1247 1977 qui
1276 1938 1364 1966 non
1393 1939 1488 1967 casu
1520 1936 1677 1973 errant,
1708 1928 1781 1968 sed

453 2007 635 2045 scientes
667 1999 983 2050 volentesque.“
1011 1993 1164 2033 Plures
1191 1995 1305 2035 locos
1339 2012 1372 2035 v.
1404 1997 1550 2046 infra.)
1604 1998 1781 2041 Scilicet

452 2074 706 2115 mollitiem,
739 2082 867 2122 quam
906 2069 952 2106 in
990 2066 1110 2106 cultu
1138 2067 1363 2118 victuque,
1395 2070 1568 2108 incessu
1602 2072 1773 2111 ceteris-

450 2156 532 2197 que
561 2142 688 2181 rebus
720 2137 968 2182 affectabat,
999 2149 1094 2175 eam
1124 2138 1170 2175 in
1209 2140 1396 2178 carmina
1426 2153 1592 2191 quoque
1624 2150 1666 2180 et
1693 2142 1777 2184 alia

451 2215 609 2266 scripta
649 2212 835 2251 admisit.
914 2206 1033 2246 Solet
1076 2208 1195 2245 enim
1225 2205 1454 2247 hominum
1494 2211 1576 2249 vita
1605 2212 1652 2250 in
1684 2227 1775 2254 ora-

449 2286 570 2324 tione
611 2294 758 2321 eorum
799 2280 889 2316 fere
930 2276 1148 2329 conspici,
1210 2278 1322 2328 quod
1362 2279 1556 2329 pluribus
1595 2284 1778 2334 pulchre

449 2353 697 2407 explanavit
739 2350 898 2390 Seneca
938 2347 966 2387 l.
1009 2345 1036 2385 l.
1118 2346 1236 2386 Hinc
1275 2348 1427 2401 igitur,
1478 2359 1527 2390 ut
1567 2362 1684 2392 certe
1724 2368 1779 2399 ex

448 2425 703 2478 fragmentis
736 2419 932 2471 plurimis
962 2416 1271 2466 intelligimus,
1304 2421 1439 2458 oratio
1460 2421 1550 2460 fere
1581 2431 1644 2460 est
1671 2425 1780 2465 mol.

445 2494 523 2544 lis,
558 2492 786 2537 dissoluta,
820 2488 1065 2535 lasciviens,
1096 2488 1227 2527 nimis
1257 2499 1395 2530 comta
1424 2501 1466 2539 et
1496 2503 1671 2545 ornata,
1701 2503 1777 2538 ne.

447 2577 530 2617 que
560 2573 709 2603 tamen
741 2561 837 2599 satis
879 2566 1069 2598 correcta
1100 2571 1182 2596 nec
1223 2568 1356 2607 tersa;
1408 2566 1534 2603 verba
1567 2579 1672 2605 nova
1701 2580 1776 2609 au.

449 2634 598 2675 dacter
647 2633 785 2677 facta,
851 2628 1189 2680 comparationes
1240 2630 1486 2681 inauditae,
1548 2639 1776 2680 verborum
1843 2671 1844 2692 ἓ

449 2705 784 2745 constructiones
817 2708 858 2737 et
885 2698 1236 2746 transpositiones
1267 2701 1519 2750 inusitatae,
1550 2707 1777 2749 artificiosa

451 2775 663 2829 quaedam
693 2771 877 2810 brevitas
908 2777 951 2807 et
981 2771 1296 2812 sententiarum
1326 2774 1527 2826 gravitas,
1578 2775 1777 2819 affectata
