1844 3211
459 252 964 293 MAECENATIANA.
1295 240 1379 300 39

51 360 105 399 1.‘:
137 358 334 402 Profecto
363 362 428 403 vel
458 362 688 404 mendosus
718 374 782 405 est
809 365 1077 411 Priscianus,
1108 361 1174 402 vel
1204 361 1380 402 Octavia

51 429 289 484 cuiuspiam
339 435 591 474 recentioris
638 443 701 476 est
753 435 1024 475 Maecenatis.
1113 425 1160 471 Si
1211 430 1380 471 Melissi

50 497 321 543 Maecenatis
358 504 591 545 contendas
634 504 693 557 (v.
739 497 860 546 Suet.
899 505 952 545 de
992 505 1059 544 Ill.
1100 503 1176 544 Gr.
1216 515 1251 540 c.
1281 500 1375 553 21.)

50 572 236 612 vicissim
266 573 382 613 hanc
413 562 634 614 Octauiam
665 588 756 615 non
783 575 1075 628 tragoediam,
1104 573 1178 612 sed
1209 584 1378 611 comoe-

48 639 165 700 diam
194 643 325 682 fuisse
353 643 622 683 contendam.
640 625 862 693 ‘'(cf.0vid.
884 643 947 683 Ex
958 644 1097 683 Ponto
1127 645 1169 689 4,
1197 644 1265 689 16,
1290 640 1377 690 30.)

47 710 210 764 Verum
243 715 430 766 putarim
462 715 602 765 potius
634 712 771 752 Cilnii
800 711 1283 762 Maecenatis'Octavid
1310 711 1378 750 in-

47 779 155 821 felix
198 782 262 821 M.
300 784 484 822 Antonii
524 790 566 819 et
606 781 818 820 Octaviae.
848 783 1178 820 matrimonium
1220 781 1376 820 descri-

46 862 194 908 ptum3
238 853 307 893 vel
336 865 424 893 non
454 849 676 896 fabulam,
715 848 789 889 sed
818 849 920 904 quid
948 849 1093 901 aliud3
1143 842 1250 889 narn
1274 862 1373 888 con·

46 933 211 964 stanter
243 924 342 962 Mss.
385 922 595 960 Prisciani
635 920 734 960 hab.
777 922 823 960 in
865 920 1146 961 Octaviam.‘-‘
1217 920 1374 971 (Unus

47 994 139 1034 cod.
177 992 322 1034 Krehl.
365 992 414 1032 in
464 989 603 1030 VIIII.
648 999 692 1031 et
735 989 844 1032 alius
886 1003 963 1045 pro
1010 1000 1194 1046 gratum
1243 990 1375 1031 habet

46 1066 216 1128 flatum.

684 1178 727 1220 7.

102 1257 294 1307 Seneca,
334 1258 526 1311 Epistola
562 1261 631 1305 19,
662 1261 702 1302 8.
1168 1319 1175 1322 ἡ

45 1328 194 1381 „Volo
224 1327 307 1369 tibi
335 1328 417 1368 hoc
447 1328 542 1368 loco
570 1327 729 1368 referre
759 1326 924 1369 dictum
957 1325 1251 1373 Maecenatis,
1303 1341 1370 1367 ve·

45 1412 91 1439 ra
119 1400 167 1439 in
190 1400 283 1452 ipso
312 1399 463 1439 eculeo
489 1399 648 1441 docuit.
705 1396 811 1451 Ipsa
836 1399 952 1440 enim
980 1400 1168 1441 altitudo
1196 1408 1371 1440 attonat

44 1483 215 1511 summa
246 1468 315 1521 [sc.
344 1469 469 1522 locaJ.
553 1467 600 1509 Si
629 1468 817 1522 quaeris,
865 1468 914 1508 in
944 1480 1029 1519 quo
1057 1468 1168 1509 libro
1197 1469 1370 1519 dixerit,

44 1542 93 1581 in
123 1553 175 1579 eo
208 1541 282 1593 qui
311 1536 592 1582 Prometheus
619 1537 899 1586 inscribunt-3
941 1538 1025 1580 hoc
1056 1539 1188 1580 voluit
1218 1540 1371 1587 dicere,

44 1609 227 1652 attonita
259 1608 394 1650 habet
421 1621 603 1651 summa.
674 1607 749 1648 Est
776 1621 879 1661 ergo
907 1610 1017 1650 tanti
1046 1610 1133 1649 ulla
1164 1614 1371 1663 potentia,

45 1689 95 1722 ut
124 1683 179 1723 sit
206 1681 289 1722 sibi
317 1683 408 1720 ta'm
432 1679 576 1719 ebrius
605 1679 773 1720 sermo?
802 1679 1055 1734 Ingeniosus
1076 1683 1149 1723 vir
1167 1683 1245 1722 ille
1274 1683 1371 1732 fuit,

45 1764 257 1805 magnum
308 1749 558 1803 exemplum
601 1748 822 1791 Romanae
870 1751 1139 1804 eloquentiae.
1178 1754 1369 1803 daturus,

44 1823 130 1863 nisi
159 1822 287 1863 illum
326 1828 563 1862 enervasset
592 1820 801 1868 felicitas,
850 1821 940 1861 imo
971 1832 1202 1867 castrasset.
1281 1825 1370 1871 Hic

42 1901 87 1933 te
117 1893 256 1933 exitus
286 1897 457 1938 manet,
489 1891 573 1931 nisi
600 1890 687 1931 iam
717 1890 945 1934 contrahas
977 1892 1089 1941 vela,
1121 1896 1206 1936 nisi
1234 1896 1369 1947 (quod

42 1963 118 2005 ille
159 1974 253 2001 sero
294 1959 459 2010 voluit)
498 1968 656 1998 terram
695 1959 823 2013 leges,
900 1961 1103 2001 Poteram
1141 1972 1285 2005 tecum
1325 1956 1371 2006 et

40 2031 123 2072 hac
142 2021 414 2075 Maecenatis
442 2030 653 2073 sententia
681 2042 832 2103 pafem
859 2030 1005 2077 facete
1032 2034 1266 2091 rationem,
1293 2036 1369 2081 sed

42 2110 126 2146 etc.
142 2104 170 2130 “

349 2295 433 2345 111.
501 2296 713 2361 Augusti
748 2311 830 2346 res
878 2308 1056 2364 gestae-

99 2400 378 2462 Augousta
405 2412 540 2460 gestas
568 2419 591 2446 a
620 2396 872 2451 Maecenate
902 2421 993 2450 esse
1023 2413 1285 2469 conscriptae
1313 2424 1368 2463 ex

44 2478 177 2525 Servii
203 2478 302 2522 loco
333 2488 458 2535 supra
489 2475 684 2527 vidimus.
740 2475 842 2521 Huc
872 2480 1014 2526 refero
1045 2495 1156 2540 quae

686 2594 728 2637 8.

100 2677 297 2728 Plinius.
324 2679 484 2724 Histor-
513 2677 662 2724 Natur.
693 2678 789 2733 vn,
829 2679 901 2727 46.
933 2678 1008 2734 (V.
1031 2686 1073 2726 2.
1101 2694 1142 2736 p.
1166 2679 1256 2732 44.)
1284 2686 1370 2720 tra-

45 2751 139 2791 ‹litr
285 2764 290 2771 ’
