1844 3211
405 273 491 339 44
817 290 1328 329 MAECENATIANA.

407 402 462 439 tis
491 399 652 451 tunicis
692 400 742 441 in
780 397 889 438 urbe
929 411 1102 452 semper
1138 398 1395 439 incesserit?
1450 400 1563 441 Nam
1609 397 1740 437 etiam
1804 429 1810 437 ,

409 483 548 522 quum
577 470 768 509 absentis
799 469 992 522 partibus
1025 469 1214 509 Caesaris
1245 466 1522 524 fungeretur,
1565 471 1741 521 signum

409 552 434 578 a
465 538 671 579 discincto
710 530 946 591 petebaturss
1006 538 1138 580 Hunc
1168 552 1283 586 esse,
1332 543 1405 594 qui
1435 542 1482 582 in
1513 538 1739 586 tribunali,

408 610 457 650 in
486 611 656 659 rostris,
697 611 745 649 in
776 612 899 650 omni
928 610 1103 662 publico
1135 620 1260 651 coetu
1291 613 1352 652 sic
1382 612 1649 666 apparuerit,
1692 618 1743 649 ut

410 680 543 734 pallio
574 681 782 719 velaretur
812 688 952 732 caput,
985 679 1166 720 exclusis
1190 683 1408 734 utrimque
1429 682 1621 730 auribus,
1652 691 1743 727 non

411 750 560 796 aliter,
596 762 724 802 quam
753 750 802 788 in
835 749 977 788 Mimo
1021 749 1153 790 divite
1192 752 1364 805 fugitivi
1395 752 1567 791 solent?
1614 752 1743 790 Hunc

411 833 525 866 esse,
558 821 652 868 cui,
699 832 798 859 cum
830 822 1023 860 maxime
1053 821 1247 862 civilibus
1280 821 1404 862 bellis
1435 821 1740 874 strepentibus,

407 900 456 935 *et
485 891 654 931 solicita
694 891 802 929 urbe
842 900 884 929 et
924 899 1115 938 armata,
1170 893 1398 931 comitatus
1425 891 1499 930 hie
1529 884 1742 944 fueritin

410 961 609 1016 publico:
642 961 846 1014 spadones
877 960 977 1009 duo,
1009 963 1143 1014 magis
1173 971 1321 1002 tamen
1353 964 1430 1004 viri
1459 975 1590 1016 quam
1620 960 1741 1013 ipse?

407 1034 542 1073 Hunc
572 1045 685 1077 esse,
730 1033 803 1084 qui
833 1045 1019 1070 uxorem
1051 1032 1210 1071 millies
1250 1032 1399 1079 duxit,
1443 1046 1576 1085 quum
1609 1042 1742 1070 unam

408 1102 648 1145 habuerit?
679 1101 800 1141 Haec
830 1100 954 1140 verba
984 1099 1310 1153 tam'improbe
1339 1112 1509 1150 structa,
1540 1111 1634 1141 tam
1664 1113 1743 1139 ne—

405 1176 625 1227 gligenter
654 1173 838 1217 abiecta,
868 1180 956 1211 tam
978 1180 1125 1210 contra
1154 1172 1514 1212 consuetudinem
1543 1171 1743 1210 omnium

409 1247 563 1301 posita,
595 1242 853 1287 ostendunt,
881 1253 1023 1280 mores
1054 1253 1226 1293 quoque
1256 1254 1342 1280 non
1374 1243 1518 1292 minus
1542 1254 1668 1279 novos
1699 1247 1743 1279 et

410 1329 557 1369 pravos
587 1323 630 1353 et
660 1312 897 1364 singulares
928 1310 1073 1349 fuisse.
1146 1310 1344 1349 Maxima
1373 1312 1464 1349 laus
1495 1312 1563 1350 illi
1591 1311 1744 1350 tribui-

411 1394 485 1426 tur
514 1383 877 1425 mansuetudinis:
927 1382 1123 1434 pepercit
1152 1381 1316 1434 gladio,
1366 1385 1574 1437 sanguine
1612 1383 1743 1423 absti-

410 1458 531 1497 nuit:
580 1468 661 1494 nec
699 1453 787 1492 ulla
822 1452 907 1491 alia
939 1465 1010 1505 re¹>
1047 1449 1146 1505 quid
1187 1462 1352 1505 posset,
1392 1468 1522 1507 quam
1562 1455 1741 1494 licentia

411 1526 612 1566 ostendit.
688 1524 814 1564 Hanc
852 1524 993 1574 ipsam
1035 1522 1211 1572 laudem
1253 1515 1375 1562 suam
1419 1526 1612 1576 corrupit
1649 1525 1742 1564 istis

374 1616 377 1619 ⁴
412 1598 618 1638 orationis
667 1593 1061 1647 portentosissimae
1114 1591 1295 1631 deliciis.
1382 1595 1573 1646 Apparet
1622 1596 1742 1633 enim
1774 1593 1779 1606 ¹

408 1667 592 1708 mollem
623 1665 768 1715 fuisse,
800 1675 887 1701 non
916 1662 1085 1699 mitem.
1143 1661 1239 1700 Hoc
1261 1664 1370 1701 istae
1396 1663 1597 1716 ambages
1629 1677 1743 1704 com-

409 1736 661 1791 positionis,
706 1734 789 1789 lioc
829 1732 951 1770 verba
982 1739 1240 1776 transversa,
1279 1731 1363 1771 hoc
1408 1746 1556 1774 sensus
1595 1738 1743 1788 magni

409 1807 584 1862 quidem
614 1809 762 1857 saepe,
799 1802 873 1841 sed
902 1802 1090 1840 enervati
1123 1800 1228 1839 dum
1260 1812 1442 1849 exeunt,
1489 1805 1620 1844 cuivis
1649 1819 1742 1844 ma-

411 1878 620 1922 nifestum
650 1876 836 1919 facient3
875 1879 1045 1910 motum
1081 1870 1148 1909 illi
1179 1871 1393 1911 felicitate
1422 1875 1558 1913 nimia
1591 1885 1740 1925 caput;

410 1948 522 2002 quod
553 1949 704 1987 vitium
729 1944 926 1984 ¹hominis
967 1953 1057 1980 esse
1095 1940 1339 1990 interdum,
1377 1942 1601 1983 interdum
1633 1952 1741 1985 tem-

411 2022 527 2079 poris
558 2019 712 2060 solet.“

909 2252 964 2295 V.
981 2247 983 2250 ’
1043 2249 1250 2293 Incerta.

1040 2398 1109 2442 11.

469 2498 708 2543 Diomedes
735 2496 768 2536 1.
799 2509 838 2547 p.
872 2499 971 2539 366.

414 2581 620 2630 „Necto‚
662 2578 798 2617 nexui
836 2577 899 2615 vel
938 2577 1051 2616 nexi.
1112 2576 1316 2629 Virgilius
1360 2575 1490 2628 (Aen.
1524 2580 1574 2627 5,
1602 2578 1742 2631 425.):

411 2653 584 2706 palmas
621 2648 851 2689 amborum
890 2647 1095 2687 innexuit
1133 2649 1283 2687 armis.
1342 2648 1491 2688 Livius
1525 2649 1574 2688 in
1606 2650 1740 2704 Odys.

415 2735 512 2762 sea:
550 2717 789 2759 Nexabant
820 2719 959 2758 multa
992 2719 1111 2759 inter
1140 2732 1196 2760 se.
1248 2718 1590 2760 Maecenas:›—
1619 2725 1741 2763 nexi·

415 2792 473 2832 sti
500 2791 612 2831 retia
642 2789 755 2828 lecta
795 2784 996 2838 (lecto).⁴‘
1063 2788 1146 2827 Pro
1173 2787 1432 2831 Maecenate
1461 2790 1516 2832 al.
1556 2789 1742 2846 Proper·
