1844 3211
412 244 497 303 22
818 253 1325 299 ΜΑΕΟΕΝΑΤῙΑΝΑ.

415 375 609 420 pareret,
646 376 696 408 ut
725 369 907 422 populus
935 369 1160 410 Romanus
1189 371 1397 424 pristinae
1424 371 1634 414 libertatis
1662 370 1748 412 im·‘

415 448 587 476 mernor
616 441 885 486 servitutem,
916 452 1045 492 quam
1076 441 1261 492 subiret,
1293 456 1383 483 non
1412 444 1521 484 adeo
1551 443 1746 490 sentiret,

417 507 558 545 immo
590 507 778 548 libenter
806 510 949 549 ferret.
1009 509 1282 561 (Blackwell
1311 513 1339 553 l.
1369 514 1396 554 l.
1425 528 1464 566 p.
1495 517 1590 558 466.
1623 522 1666 553 et
1692 510 1747 551 Π.

419 578 509 620 348
540 579 654 631 sqq.)
713 579 834 629 Quae
863 580 1000 619 a'nimi
1033 580 1224 619 voluntas
1252 590 1380 635 atque
1410 585 1592 622 omnino
1626 582 1748 621 Mae-

417 648 580 685 cenatis
612 660 756 686 mores
784 651 843 687 ita
883 658 1003 688 erant
1034 652 1293 701 comparati,
1345 660 1396 691 ut
1426 654 1617 704 Augusto
1656 659 1749 689 non

418 716 589 770 placere
617 731 704 756 non
739 728 920 770 possent.
951 715 1007 768 (v.
1039 719 1255 759 Wieland.
1286 720 1312 760 l.
1342 720 1393 771 l.)
1446 720 1649 772 Inprimis
1679 721 1748 759 in-

420 788 600 839 genium
633 789 724 827 eius
768 789 1037 829 admiramur
1077 800 1119 831 et
1151 790 1456 845 prudentiam,
1511 793 1583 843 qui
1612 793 1674 830 ita
1703 802 1749 830 se

419 859 564 910 gessit,
598 868 647 898 ut
669 862 884 913 Augustus
916 874 1085 913 semper
1107 874 1206 901 eum
1234 861 1444 914 diligeret,
1476 862 1655 902 summis
1683 873 1748 900 re-

422 930 504 969 bus
543 933 817 983 praeficeret,
874 935 1101 984 omniaque
1145 934 1191 972 in
1222 942 1323 972 eu‘m
1366 932 1479 971 bona
1520 932 1749 971 conferret.

425 998 601 1050 (Tiber.
631 1016 695 1055 ap.
727 1004 856 1042 Dion.
889 1007 960 1051 56,
991 1007 1058 1046 38.
1136 1000 1247 1048 Τοὺς
1276 998 1677 1051 ξυνεξετασθέντας
1706 1000 1752 1038 οἱ

426 1067 626 1117 πολλαῖς
656 1071 732 1109 καὶ
763 1070 984 1124 μεγάλαις
1015 1072 1195 1119 δωρεαῖς
1219 1069 1434 1123 τιμήσας,
1487 1069 1594 1111 023'5’
1625 1071 1752 1124 ὑπερ·

423 1137 599 1190 ήφανόν
646 1155 694 1178 τι
741 1138 988 1194 πράττειν,
1044 1136 1150 1178 οὔθ’
1187 1139 1381 1196 ὑβρίζειν
1429 1138 1592 1181 εἴαόεν.
1651 1139 1752 1178 ἀλλ’

425 1208 527 1251 ἴστε
557 1207 642 1263 γὰρ
673 1209 857 1265 ἀκριβῶς
885 1209 960 1248 καὶ
991 1210 1035 1248 ἐν
1063 1209 1212 1263 τούτῳ
1244 1209 1352 1257 τούς
1379 1224 1429 1248 τε
1458 1208 1648 1258 ἄλλους,
1678 1206 1755 1247 καὶ

424 1268 507 1322 vbi)
530 1281 778 1329 Μαικήναν,
808 1281 883 1320 καὶ
911 1279 994 1321 τὸν
1012 1279 1273 1334 Ἀγρίππαν.
1304 1282 1520 1321 Wieland.
1547 1295 1584 1333 p.
1609 1281 1753 1334 6sqq.)

423 1354 613 1393 Animus
646 1352 843 1392 videlicet
877 1354 915 1391 ei
949 1360 1038 1390 erat
1067 1352 1349 1404 tranquillus,
1380 1353 1623 1394 ambitione
1653 1353 1753 1392 nul-

424 1423 468 1463 la
499 1433 694 1472 vexatus;
728 1424 835 1462 hinc
865 1423 1022 1461 factum
1055 1430 1131 1469 est,
1162 1431 1211 1462 ut
1239 1426 1425 1476 equestri
1455 1424 1550 1463 loco
1581 1435 1755 1477 semper

428 1504 658 1534 contentus
679 1496 827 1535 altiora
850 1508 939 1534 non
971 1503 1151 1548 peteret,
1173 1494 1240 1543 (V.
1269 1508 1373 1547 quos
1395 1509 1522 1549 supra
1552 1495 1753 1545 laudavi.)

426 1567 611 1607 Animus
644 1569 775 1607 etiam
805 1567 985 1613 hilaris,
1027 1566 1142 1605 talisv
1165 1567 1237 1617 qui
1272 1566 1326 1604 ab
1366 1566 1460 1606 aliis
1502 1567 1631 1606 illudi
1662 1580 1753 1606 non

427 1635 757 1689 dedignaretur,
806 1638 852 1676 in
885 1637 1022 1689 parvis
1051 1637 1177 1675 rebus
1208 1636 1458 1688 singularis,
1507 1639 1554 1676 in
1584 1639 1754 1692 magni·

429 1716 646 1760 opectatus
673 1718 716 1748 et
736 1709 895 1754 bonus3
926 1708 1139 1760 quomodo
1174 1707 1268 1747 aliis
1292 1706 1544 1747 hominibus
1568 1709 1615 1747 in
1639 1722 1754 1748 com-

428 1780 605 1821 modum
636 1793 763 1819 suum
796 1788 927 1832 atque
956 1778 1136 1830 Augusti
1165 1785 1379 1822 uteretur,
1420 1776 1539 1815 haud
1568 1780 1755 1831 ignarus.

429 1853 602 1906 Ingenii
631 1864 817 1892 acumen
844 1857 887 1889 et
913 1849 1178 1900 voluptatum
1203 1859 1323 1886 amor
1343 1860 1441 1885 eum
1464 1847 1557 1886 aliis
1587 1859 1754 1901 gratum

431 1933 748 1976 acceptumque
793 1919 1012 1960 reddebat.
1090 1918 1164 1956 Est
1202 1925 1349 1956 tamen
1397 1918 1471 1956 ubi
1514 1920 1577 1958 vir
1618 1920 1754 1960 bonus

429 2008 519 2036 non
564 1995 669 2033 adeo
698 1993 866 2030 bonurn
908 1989 982 2029 sed
1013 1988 1121 2027 utile
1156 1995 1387 2038 spectaret;
1440 1987 1544 2027 hinc
1583 1989 1757 2030 fortasse

430 2069 623 2117 Augusto
666 2072 815 2102 auctor
851 2060 960 2107 fuit,
1014 2068 1062 2098 ut
1091 2059 1324 2109 imperium
1367 2059 1601 2108 retineret3
1651 2059 1756 2102 hinc
1817 2098 1821 2101 ,

431 2138 579 2178 etiam.
611 2136 843 2174 accedente
857 2130 1115 2184 quoqueotii
1134 2141 1292 2172 amore,
1324 2128 1509 2167 honores
1523 2132 1754 2179 recusavit3

433 2217 477 2249 et
505 2207 744 2260 prudenter
772 2204 817 2244 id
848 2201 1020 2255 quidem
1054 2200 1204 2239 fecisse
1234 2199 1413 2239 videtur.
1487 2200 1602 2252 Quid
1634 2203 1753 2246 enim

431 2281 471 2318 ei
503 2291 607 2329 opus
639 2285 726 2314 erat
756 2274 921 2322 magnis
952 2271 1210 2317 honoribus,
1243 2271 1340 2319 qui,
1373 2282 1654 2321 quaecunque
1684 2284 1756 2311 cu-

428 2357 531 2401 pere
563 2353 688 2395 atque
724 2340 963 2381 desiderare
1003 2337 1154 2382 vellet,
1188 2335 1409 2378 habebat?
1468 2338 1517 2377 In
1550 2341 1757 2385 modestia

430 2427 598 2457 summa
638 2420 727 2451 erat
760 2413 799 2451 ei
838 2412 1051 2451 securitas.
1130 2408 1217 2460 Qui
1246 2410 1367 2452 nullo
1396 2423 1577 2452 munere
1604 2410 1758 2465 funge-

430 2485 582 2530 batur,
614 2485 650 2524 is
680 2483 819 2522 odiosa
850 2495 872 2520 a
904 2495 947 2520 se
977 2493 1194 2522 removere
1226 2483 1386 2533 potuit,
1425 2495 1557 2535 eaque
1585 2490 1755 2526 tantum

429 2556 594 2601 facere,
646 2567 753 2606 quae
781 2554 980 2592 omnibus
1018 2562 1132 2605 grata
1164 2560 1316 2590 essent.
1393 2554 1534 2604 Atque
1565 2553 1755 2605 Augusto

429 2638 599 2681 prorsus
631 2625 677 2665 id
719 2623 982 2668 convenisse,
1032 2630 1080 2660 ut
1111 2621 1340 2660 Maecenas
1372 2622 1556 2670 privatus
1586 2634 1756 2680 semper

432 2704 561 2743 esset,
590 2694 717 2735 facile
747 2693 977 2746 intelliges.
1010 2690 1247 2742 (Wieland.
1281 2706 1320 2746 p.
1347 2696 1409 2738 -10
1437 2693 1526 2745 sq.).
