1844 3211
455 220 962 270 MAECENATIANA.
1296 198 1380 260 33

246 342 409 397 Nuper,
440 337 621 381 candida
653 333 879 387 margarita
910 312 1083 383 quaero,
1145 325 1147 329 “

205 467 207 469 ¹
243 413 349 461 Nec,
370 407 589 465 r(ap.Pith.
614 405 764 446 vitiose
776 400 914 452 Haec)
945 411 1048 453 quos
1063 392 1268 449 Thynica
1290 399 1372 434 etc.

47 487 249 534 Pithoeus
278 487 338 526 ita
369 478 649 522 emendabat:

243 556 420 610 Lugens
448 559 508 599 te,
537 561 642 589 mea.
668 546 762 591 vita,
794 553 878 582 nec
909 535 1166 589 smaragdos,

243 623 443 678 Beryllos
472 622 655 674 quoque,
684 615 848 659 Flacce,
878 623 961 651 nec
989 608 1195 652 nitentes,

244 694 337 734 Nec
369 690 628 747 percandida
659 683 887 736 marganita
916 689 1089 733 quaero,

245 765 338 805 Nec
369 776 472 817 quos
504 757 704 809 Thynica
737 761 812 792 etc.

46 826 278 880 Turnebus
308 827 527 876 Adversar.
559 826 637 871 lib.
666 821 757 861 XX.
790 831 823 857 c.
852 820 917 860 2.:

244 907 417 959 Lugent
445 909 504 949 te,
534 907 634 937 mea
664 893 758 937 vita,
790 895 833 927 te
863 878 1112 935 smaragdus

234 973 433 1015 ‘Batinus
467 978 651 1027 quoque,
684 961 859 1006 Flacce;
884 967 973 1016 ‘nec
1001 953 1192 992 nitentes

247 1042 377 1083 Nunc
408 1054 486 1094 per
515 1034 695 1077 candida
727 1026 955 1082 margarita
984 1034 1164 1077 quaero5

244 1113 339 1153 Nec
368 1123 471 1165 quos
502 1105 700 1160 Thynica
729 1108 804 1139 etc.

47 1175 212 1246 I5audat
251 1180 451 1223 Turnebi
500 1177 693 1218 curiosae
730 1162 968 1210 industriae
1010 1158 1377 1213 experimentum,

48 1267 293 1294 successum
333 1265 421 1292 non
461 1252 571 1290 item
600 1243 749 1284 Douza
791 1239 839 1278 in
870 1234 1163 1274 Commentar.
1204 1226 1258 1267 ad
1287 1225 1377 1266 Ho-

48 1332 125 1366 rat.
156 1339 190 1367 c.
223 1328 261 1369 1.
291 1324 351 1363 ita
377 1322 460 1361 hoc
488 1318 770 1371 Epigramma
800 1304 1033 1357 castigans:

246 1394 421 1446 Lugens
450 1398 507 1437 te,
540 1385 661 1438 (mea
691 1378 801 1432 vita)
832 1386 916 1414 nec
945 1365 1190 1421 smaragdos

247 1462 430 1504 Bet-illos
461 1457 587 1503 mihi,
617 1451 781 1494 Flacce,
809 1456 892 1485 nec
919 1442 1131 1481 nitentes>

246 1525 580 1582 Inter-*candida
611 1517 842 1574 margarita
870 1523 1028 1566 quaero
1061 1515 1139 1547 etc.

49 1606 231 1648 Berillos
262 1605 379 1644 inter
406 1594 587 1640 candida
618 1587 847 1642 margarita
877 1582 1095 1631 enitentes
1125 1574 1257 1623 fecit,
1287 1585 1384 1613 mu-

49 1687 196 1719 tuatus
228 1672 555 1715 distinctionem
588 1677 612 1703 a
643 1659 845 1701 Pliniano
876 1647 1074 1691 artificio.
1132 1644 1252 1686 Idem
1264 1632 1384 1684 Dou-

50 1760 99 1788 za
129 1748 309 1787 fortasse
338 1734 668 1781 rescribendum
699 1740 787 1768 esse
819 1721 1011 1763 censuit:

249 1814 343 1855 Neo
393 1801 657 1864 percandida
708 1795 833 1849 (veh
886 1782 1174 1843 praecandida
1213 1793 1272 1822 m.
1318 1778 1380 1834 q.)

51 1886 313 1928 Gulielmius
344 1874 672 1920 verosimilium
711 1865 786 1906 lib.
816 1862 849 1901 Ι.
891 1871 926 1899 c.
959 1859 998 1901 6.
1037 1854 1099 1894 ita
1138 1849 1386 1893 emaculare

50 1965 226 1999 conatu·
257 1961 320 1994 est
348 1952 433 1991 hoc
462 1945 643 2000 poema:

252 2024 426 2074 Lugens
456 2025 514 2062 te,
546 2024 640 2052 mea
671 2008 767 2055 vita,
800 2014 879 2042 nec
907 1993 1172 2048 smaragdos,

250 2088 446 2143 Beryllos
474 2094 630 2134 neque,
661 2076 831 2121 Flacce,
861 2080 943 2109 nec
973 2067 1163 2105 nitentes

254 2161 436 2212 Semper
466 2150 647 2195 candida
678 2156 834 2199 quaero
866 2136 1145 2191 margaritam

252 2228 346 2270 Nec
377 2238 480 2280 quos
512 2218 714 2273 Thynica
741 2222 826 2252 etc.
853 2203 855 2206 ’

53 2302 191 2359 Notus
221 2313 330 2347 mos,
359 2295 520 2349 inquit,
550 2289 852 2332 Romanorum
883 2274 1078 2333 ponendi
1100 2274 1146 2314 in
1168 2270 1290 2311 luctu
1313 2281 1391 2309 an-

54 2374 182 2416 nulos
212 2367 514 2412 venustissime
535 2360 741 2413 tangitur.
787 2346 1049 2402 Margarita
1073 2342 1265 2383 nitentes
1283 2351 1393 2380 sem-

798 2430 848 2461 ut
876 2415 1033 2471 virgil.
1063 2406 1200 2453 dixit:
1238 2408 1396 2451 crebra

54 2459 133 2499 per
163 2443 354 2486 candida
383 2444 483 2478 sunt
512 2430 746 2475 candidae,

747 2489 974 2533 Mat-cilius
1003 2483 1057 2526 ad
1087 2482 1236 2523 Horat.
1269 2480 1395 2533 9-53.

80 2515 162 2556 ecit
191 2525 268 2567 pto
297 2508 526 2553 crebro.——
556 2500 717 2544 Thom.

60 2583 277 2626 tentabatz

262 2652 436 2704 Lugens
466 2653 524 2690 te,
555 2652 649 2681 mea
680 2637 781 2682 vita,
815 2624 896 2673 nec
926 2621 1182 2679 smaragdos,

258 2712 458 2775 Bet-yllus
487 2723 636 2766 neque,
668 2705 841 2753 Elacce,
872 2698 1155 2755 pernitentes,

1093 2777 1124 2830 3
